ticker,name,close,IOPV实时估值,基金折价率,change,pct_change,volume,amount,开盘价,最高价,最低价,昨收,振幅,turnover,volume_ratio,委比,外盘,内盘,main_net_inflow,main_net_pct,super_large_net_inflow,super_large_net_pct,large_net_inflow,large_net_pct,medium_net_inflow,medium_net_pct,small_net_inflow,small_net_pct,现手,买一,卖一,shares,float_mcap,total_mcap,data_date,更新时间
159321,黄金股ETF华安,1.426,1.4197,-0.44,0.086,6.42,619867.0,87925256.4,1.356,1.442,1.356,1.34,6.42,15.9,2.4,-14.38,378269.0,241598.0,7620530.0,8.67,-4513695.0,-5.13,12134225.0,13.8,261158.0,0.3,-7881688.0,-8.96,-15996.0,1.426,1.427,389900400.0,555997970,555997970,2026-07-22,2026-07-22 15:34:21+08:00
517400,黄金股ETF国泰,1.466,1.4592,-0.47,0.087,6.31,764276.0,111423099.0,1.401,1.486,1.398,1.379,6.38,8.39,2.76,-10.55,461995.0,302281.0,4166384.0,3.74,-956472.0,-0.86,5122856.0,4.6,3561634.0,3.2,-7728020.0,-6.94,-5149.0,1.466,1.467,910792000.0,1335221072,1335221072,2026-07-22,2026-07-22 16:11:40+08:00
159315,黄金股ETF工银,1.512,1.512,0.0,0.086,6.03,286712.0,43170118.794,1.444,1.536,1.444,1.426,6.45,14.66,2.24,34.86,157313.0,129399.0,2498221.0,5.79,-498305.0,-1.15,2996526.0,6.94,173695.0,0.4,-2671915.0,-6.19,-770.0,1.512,1.513,195589621.0,295731507,295731507,2026-07-22,2026-07-22 15:34:03+08:00
159322,黄金股ETF平安,1.498,1.4931,-0.33,0.084,5.94,228117.0,34078976.5,1.439,1.519,1.426,1.414,6.58,18.34,3.13,2.36,105391.0,122726.0,3990640.0,11.71,-2853469.0,-8.37,6844109.0,20.08,-1842290.0,-5.41,-2148349.0,-6.3,-4008.0,1.498,1.5,124411691.0,186368713,186368713,2026-07-22,2026-07-22 15:34:39+08:00
517520,黄金股ETF永赢,1.854,1.8495,-0.24,0.1,5.7,4576383.0,847815944.0,1.795,1.883,1.791,1.754,5.25,7.69,1.81,-13.89,2562638.0,2013745.0,-57785683.0,-6.82,-49180387.0,-5.8,-8605296.0,-1.01,94479811.0,11.14,-36694129.0,-4.33,-28782.0,1.854,1.855,5947404032.0,11026487075,11026487075,2026-07-22,2026-07-22 16:11:38+08:00
159562,黄金股ETF华夏,2.01,2.0113,0.06,0.105,5.51,1283721.0,257396462.334,1.924,2.045,1.924,1.905,6.35,5.87,1.62,-17.76,684668.0,599053.0,10294585.0,4.0,16092426.0,6.25,-5797841.0,-2.25,2581695.0,1.0,-12876281.0,-5.0,7656.0,2.009,2.01,2187130512.0,4396132329,4396132329,2026-07-22,2026-07-22 15:34:21+08:00
159049,有色ETF工银,0.947,0.9419,-0.54,0.039,4.3,174290.0,16489945.107,0.89,0.957,0.89,0.908,7.38,8.3,1.65,-66.72,134629.0,39662.0,1400356.0,8.49,2114270.0,12.82,-713914.0,-4.33,-1061240.0,-6.44,-339115.0,-2.06,126.0,0.946,0.947,210073319.0,198939433,198939433,2026-07-22,2026-07-22 15:34:15+08:00
159518,标普油气ETF嘉实,1.199,1.176,-1.96,0.047,4.08,8700579.0,1039220381.0,1.189,1.207,1.185,1.152,1.91,53.04,1.04,45.7,4770785.0,3929794.0,-8066000.0,-0.78,34603120.0,3.33,-42669120.0,-4.11,7154479.0,0.69,911517.0,0.09,-79864.0,1.199,1.2,1640325376.0,1966750126,1966750126,2026-07-22,2026-07-22 15:34:00+08:00
159558,半导体设备ETF易方达,1.174,1.1718,-0.19,0.045,3.99,29983637.0,3574815099.83,1.176,1.235,1.156,1.129,7.0,19.07,1.28,44.53,15017128.0,14966510.0,4180576.0,0.12,187805184.0,5.25,-183624608.0,-5.14,-59465808.0,-1.66,55285200.0,1.55,-162096.0,1.174,1.175,15719564032.0,18454768174,18454768174,2026-07-22,2026-07-22 15:34:33+08:00
562590,半导体设备ETF华夏,1.059,1.0589,-0.01,0.04,3.93,11522326.0,1241678978.0,1.056,1.113,1.04,1.019,7.16,14.48,1.31,4.24,5488581.0,6033745.0,44791008.0,3.61,205631520.0,16.56,-160840512.0,-12.95,-55884391.0,-4.5,11093377.0,0.89,-49752.0,1.059,1.06,7957989120.0,8427510478,8427510478,2026-07-22,2026-07-22 16:11:56+08:00
560290,有色ETF景顺,0.767,0.7662,-0.1,0.029,3.93,192831.0,14786185.0,0.74,0.777,0.735,0.738,5.69,4.75,1.31,-3.28,106354.0,86477.0,2389288.0,16.16,4053927.0,27.42,-1664639.0,-11.26,-1199024.0,-8.11,-1190264.0,-8.05,-933.0,0.767,0.768,405694000.0,311167298,311167298,2026-07-22,2026-07-22 16:11:54+08:00
159029,有色ETF广发,0.855,0.852,-0.35,0.032,3.89,320878.0,27449864.473,0.82,0.865,0.82,0.823,5.47,8.93,1.62,7.63,195778.0,125100.0,5806267.0,21.15,7698469.0,28.05,-1892202.0,-6.89,-4597476.0,-16.75,-1208792.0,-4.4,1727.0,0.854,0.855,359127712.0,307054194,307054194,2026-07-22,2026-07-22 15:34:54+08:00
560470,有色ETF易方达,0.84,0.8383,-0.2,0.031,3.83,275665.0,23182274.0,0.813,0.85,0.812,0.809,4.7,8.83,3.15,-14.23,156685.0,118980.0,937414.0,4.04,2548039.0,10.99,-1610625.0,-6.95,-721326.0,-3.11,-216089.0,-0.93,-509.0,0.84,0.841,312340000.0,262365600,262365600,2026-07-22,2026-07-22 16:11:56+08:00
561330,矿业ETF国泰,0.897,0.8942,-0.31,0.033,3.82,762228.0,68418693.0,0.861,0.909,0.861,0.864,5.56,4.4,1.71,39.77,397963.0,364265.0,5633847.0,8.23,1330381.0,1.94,4303466.0,6.29,-3127510.0,-4.57,-2506337.0,-3.66,-18858.0,0.897,0.898,1731392096.0,1553058710,1553058710,2026-07-22,2026-07-22 16:11:34+08:00
560780,半导体设备ETF广发,1.103,1.1034,0.04,0.04,3.76,14955084.0,1676296268.0,1.104,1.16,1.086,1.063,6.96,14.32,1.16,1.29,7377306.0,7577779.0,75179952.0,4.48,103146608.0,6.15,-27966656.0,-1.67,-72569126.0,-4.33,-2610843.0,-0.16,-69818.0,1.102,1.103,10444487936.0,11520270193,11520270193,2026-07-22,2026-07-22 16:12:01+08:00
159690,有色矿业ETF招商,1.831,1.8261,-0.27,0.066,3.74,178183.0,32622521.95,1.774,1.855,1.774,1.765,4.59,5.96,1.24,71.62,107076.0,71107.0,675541.0,2.07,-402500.0,-1.23,1078041.0,3.3,-347013.0,-1.06,-328528.0,-1.01,705.0,1.83,1.831,299163984.0,547769255,547769255,2026-07-22,2026-07-22 15:34:45+08:00
513350,标普油气ETF富国,1.282,1.2339,-3.9,0.046,3.72,22559097.0,2892340932.0,1.283,1.296,1.268,1.236,2.27,276.89,0.96,9.68,12218874.0,10340223.0,-10522160.0,-0.36,36162144.0,1.25,-46684304.0,-1.61,-7190848.0,-0.25,17713011.0,0.61,-173473.0,1.281,1.282,814746000.0,1044504372,1044504372,2026-07-22,2026-07-22 16:11:57+08:00
159163,有色ETF泰康,0.712,0.7108,-0.17,0.025,3.64,160613.0,11491274.544,0.692,0.722,0.688,0.687,4.95,6.02,1.8,26.94,88171.0,72442.0,1863953.0,16.22,2092304.0,18.21,-228351.0,-1.99,-1130426.0,-9.84,-733527.0,-6.38,465.0,0.711,0.712,266807013.0,189966593,189966593,2026-07-22,2026-07-22 15:34:51+08:00
159652,有色ETF汇添富,1.521,1.5215,0.03,0.051,3.47,2338825.0,356711506.3,1.467,1.542,1.467,1.47,5.1,11.67,2.3,-34.55,973041.0,1365784.0,10386662.0,2.91,46722359.0,13.1,-36335697.0,-10.19,-4680471.0,-1.31,-5706191.0,-1.6,-4281.0,1.521,1.522,2004320288.0,3048571158,3048571158,2026-07-22,2026-07-22 15:34:24+08:00
516650,有色金属ETF华夏,1.717,1.7194,0.14,0.057,3.43,1420770.0,244280702.0,1.671,1.743,1.671,1.66,4.34,2.7,1.8,-19.06,691663.0,729107.0,2473070.0,1.01,-16170048.0,-6.62,18643118.0,7.63,3280148.0,1.34,-5753217.0,-2.36,-4653.0,1.716,1.717,5262464768.0,9035652007,9035652007,2026-07-22,2026-07-22 16:11:55+08:00
159881,有色金属ETF国泰,0.85,0.849,-0.12,0.028,3.41,262177.0,22298701.8,0.823,0.863,0.823,0.822,4.87,14.13,1.75,-21.49,138870.0,123307.0,1886439.0,8.46,2582953.0,11.58,-696514.0,-3.12,-1589600.0,-7.13,-296838.0,-1.33,-322.0,0.85,0.851,185499166.0,157674291,157674291,2026-07-22,2026-07-22 15:34:18+08:00
512400,有色金属ETF南方,1.768,1.7657,-0.13,0.058,3.39,7097369.0,1255313002.0,1.723,1.794,1.72,1.71,4.33,5.79,1.45,-30.52,3909070.0,3188299.0,55752544.0,4.44,-25358704.0,-2.02,81111248.0,6.46,7307736.0,0.58,-63060261.0,-5.02,-41440.0,1.767,1.768,12254039040.0,21665141023,21665141023,2026-07-22,2026-07-22 16:11:37+08:00
512940,有色ETF华安,0.781,0.7819,0.12,0.025,3.31,661598.0,51871158.0,0.76,0.793,0.759,0.756,4.5,3.02,1.18,0.02,304666.0,356932.0,6931258.0,13.36,10915743.0,21.04,-3984485.0,-7.68,-2000640.0,-3.86,-4930619.0,-9.51,-840.0,0.781,0.782,2189705008.0,1710159611,1710159611,2026-07-22,2026-07-22 16:11:58+08:00
159876,有色ETF华宝,0.911,0.9105,-0.05,0.029,3.29,780411.0,71176936.3,0.893,0.923,0.887,0.882,4.08,5.23,1.05,-35.74,457585.0,322826.0,7602005.0,10.68,2654614.0,3.73,4947391.0,6.95,-5524134.0,-7.76,-2077870.0,-2.92,3851.0,0.91,0.911,1493377024.0,1360466469,1360466469,2026-07-22,2026-07-22 15:34:42+08:00
159871,有色ETF银华,0.885,0.8857,0.08,0.027,3.15,476067.0,42113896.1,0.865,0.897,0.862,0.858,4.08,4.28,1.26,28.9,211745.0,264322.0,2520967.0,5.99,948115.0,2.25,1572852.0,3.73,-968079.0,-2.3,-1552888.0,-3.69,2776.0,0.884,0.885,1112732512.0,984768273,984768273,2026-07-22,2026-07-22 15:34:39+08:00
159309,油气ETF汇添富,1.308,1.3041,-0.3,0.039,3.07,681861.0,88451305.6,1.272,1.308,1.272,1.269,2.84,11.67,1.24,23.07,289413.0,392448.0,-27340042.0,-30.91,-18795033.0,-21.25,-8545009.0,-9.66,2712395.0,3.07,24627647.0,27.84,-1708.0,1.308,1.309,584371744.0,764358241,764358241,2026-07-22,2026-07-22 15:34:24+08:00
563150,油气ETF银华,1.252,1.2503,-0.14,0.037,3.05,14217.0,1761660.0,1.22,1.252,1.22,1.215,2.63,3.8,0.42,1.34,9001.0,5216.0,116867.0,6.63,0.0,0.0,116867.0,6.63,27756.0,1.58,-144623.0,-8.21,-30.0,1.252,1.253,37399000.0,46823548,46823548,2026-07-22,2026-07-22 16:12:00+08:00
159880,有色ETF鹏华,1.8,1.7989,-0.06,0.053,3.03,457808.0,82682033.914,1.76,1.833,1.753,1.747,4.58,7.67,2.1,-52.93,300627.0,157181.0,-23496033.0,-28.42,-1455843.0,-1.76,-22040190.0,-26.66,24592714.0,29.74,-1096683.0,-1.33,733.0,1.799,1.8,596551520.0,1073792736,1073792736,2026-07-22,2026-07-22 15:34:39+08:00
561760,油气ETF博时,1.264,1.2653,0.1,0.037,3.02,55032.0,6924834.0,1.227,1.268,1.227,1.227,3.34,3.27,0.83,2.98,32727.0,22305.0,1129889.0,16.32,1464547.0,21.15,-334658.0,-4.83,-900393.0,-13.0,-229497.0,-3.31,-15.0,1.264,1.266,168195000.0,212598480,212598480,2026-07-22,2026-07-22 16:11:51+08:00
560490,工业有色ETF华泰柏瑞,0.906,0.9059,-0.01,0.026,2.95,126267.0,11504559.0,0.882,0.921,0.882,0.88,4.43,9.53,1.04,-33.25,83272.0,42995.0,1567660.0,13.63,2098053.0,18.24,-530393.0,-4.61,-1013648.0,-8.81,-554011.0,-4.82,-83.0,0.906,0.907,132482000.0,120028692,120028692,2026-07-22,2026-07-22 16:11:42+08:00
159162,工业有色ETF鹏华,0.786,0.7855,-0.06,0.022,2.88,361729.0,28555821.345,0.764,0.799,0.764,0.764,4.58,7.31,2.74,-78.4,134524.0,227205.0,5160304.0,18.07,7653646.0,26.8,-2493342.0,-8.73,-3280564.0,-11.49,-1879740.0,-6.58,343.0,0.785,0.786,494939840.0,389022714,389022714,2026-07-22,2026-07-22 15:34:48+08:00
159327,半导体设备ETF万家,1.19,1.1897,-0.03,0.033,2.85,4104164.0,497671405.267,1.2,1.255,1.174,1.157,7.0,21.77,1.88,45.06,1821550.0,2282614.0,-14270579.0,-2.87,50751825.0,10.2,-65022404.0,-13.07,-4196346.0,-0.84,18466926.0,3.71,-11178.0,1.19,1.191,1885574096.0,2243833174,2243833174,2026-07-22,2026-07-22 15:34:06+08:00
515220,煤炭ETF国泰,1.224,1.222,-0.16,0.033,2.77,9429618.0,1130537044.0,1.188,1.224,1.175,1.191,4.11,7.39,0.91,33.23,5414538.0,4015081.0,-52283504.0,-4.62,-110786000.0,-9.8,58502496.0,5.17,44768709.0,3.96,7514797.0,0.66,-86664.0,1.224,1.225,12764176896.0,15623352521,15623352521,2026-07-22,2026-07-22 16:11:50+08:00
560970,工业有色ETF平安,0.898,0.897,-0.11,0.024,2.75,48168.0,4339923.0,0.874,0.91,0.866,0.874,5.03,6.01,1.08,-2.68,23691.0,24477.0,132252.0,3.05,187718.0,4.33,-55466.0,-1.28,46336.0,1.07,-178587.0,-4.11,15.0,0.895,0.898,80138000.0,71963924,71963924,2026-07-22,2026-07-22 16:11:58+08:00
159516,半导体设备ETF国泰,0.747,0.7456,-0.19,0.02,2.75,106108671.0,8064742301.858,0.746,0.788,0.737,0.727,7.02,19.09,1.16,4.63,46046039.0,60062632.0,272576928.0,3.38,736702896.0,9.13,-464125968.0,-5.76,-271926080.0,-3.37,-650752.0,-0.01,-420069.0,0.747,0.748,55571360000.0,41511805920,41511805920,2026-07-22,2026-07-22 15:34:03+08:00
560870,工业有色ETF中银,0.878,0.8775,-0.06,0.023,2.69,97887.0,8601503.0,0.859,0.892,0.859,0.855,3.86,9.47,1.3,2.16,53391.0,44496.0,373741.0,4.35,-1045035.0,-12.15,1418776.0,16.49,-45780.0,-0.53,-327962.0,-3.81,-10.0,0.878,0.879,103351900.0,90742968,90742968,2026-07-22,2026-07-22 16:11:35+08:00
159171,工业有色ETF博时,0.764,0.7633,-0.09,0.02,2.69,63756.0,4873337.1,0.744,0.776,0.744,0.744,4.3,2.68,1.31,52.51,36443.0,27313.0,1080369.0,22.17,772704.0,15.86,307665.0,6.31,-825695.0,-16.94,-254674.0,-5.23,-271.0,0.764,0.765,237532934.0,181475162,181475162,2026-07-22,2026-07-22 15:34:06+08:00
159032,工业有色ETF易方达,0.843,0.8418,-0.14,0.022,2.68,309343.0,26187905.948,0.822,0.857,0.816,0.821,4.99,11.42,1.57,6.3,180480.0,128863.0,3113729.0,11.89,6026237.0,23.01,-2912508.0,-11.12,-2237841.0,-8.55,-875888.0,-3.34,-1010.0,0.843,0.844,270845024.0,228322355,228322355,2026-07-22,2026-07-22 15:34:57+08:00
159018,石油ETF广发,0.86,0.8571,-0.34,0.022,2.63,74830.0,6394619.6,0.845,0.865,0.845,0.838,2.39,22.07,0.96,-83.31,34263.0,40567.0,-939834.0,-14.7,-546296.0,-8.54,-393538.0,-6.15,641821.0,10.04,298014.0,4.66,508.0,0.858,0.86,33904203.0,29157615,29157615,2026-07-22,2026-07-22 15:34:03+08:00
561360,石油ETF国泰,1.37,1.3709,0.07,0.035,2.62,1063672.0,145080326.0,1.335,1.373,1.335,1.335,2.85,7.97,1.8,-15.48,670454.0,393218.0,-15187201.0,-10.47,-12743864.0,-8.78,-2443337.0,-1.68,10989717.0,7.57,4197483.0,2.89,-4157.0,1.369,1.37,1334148000.0,1827782760,1827782760,2026-07-22,2026-07-22 16:11:55+08:00
159707,地产ETF华宝,0.473,0.472,-0.21,0.012,2.6,1575075.0,73518829.599,0.458,0.473,0.455,0.461,3.9,11.84,0.91,-7.58,905026.0,670049.0,4398127.0,5.98,12907354.0,17.56,-8509227.0,-11.57,-2837759.0,-3.86,-1560368.0,-2.12,9413.0,0.472,0.473,1330048208.0,629112802,629112802,2026-07-22,2026-07-22 15:34:57+08:00
510170,大宗商品ETF国联安,1.311,1.3084,-0.2,0.033,2.58,131647.0,17186345.0,1.279,1.314,1.279,1.278,2.74,3.86,1.23,-27.29,79688.0,51959.0,-539847.0,-3.14,1493981.0,8.69,-2033828.0,-11.83,714623.0,4.16,-174776.0,-1.02,-1065.0,1.311,1.312,340914800.0,446939303,446939303,2026-07-22,2026-07-22 16:11:32+08:00
159157,有色金属ETF天弘,0.794,0.7944,0.05,0.02,2.58,1546114.0,123453645.787,0.776,0.808,0.775,0.774,4.26,1.82,1.09,-21.6,888944.0,657170.0,16758874.0,13.58,19102074.0,15.47,-2343200.0,-1.9,-10335184.0,-8.37,-6423689.0,-5.2,3671.0,0.793,0.794,8472758784.0,6727370474,6727370474,2026-07-22,2026-07-22 15:34:42+08:00
560860,工业有色ETF万家,1.524,1.524,0.0,0.038,2.56,3117287.0,476091463.0,1.506,1.551,1.492,1.486,3.97,5.71,1.44,9.86,1069575.0,2047712.0,35498358.0,7.46,29180095.0,6.13,6318263.0,1.33,-21877134.0,-4.6,-13621225.0,-2.86,-11400.0,1.523,1.524,5463233024.0,8325967129,8325967129,2026-07-22,2026-07-22 16:11:40+08:00
561570,油气ETF华泰柏瑞,1.295,1.298,0.23,0.032,2.53,155263.0,20010241.0,1.265,1.296,1.265,1.263,2.45,18.67,1.15,-1.52,87688.0,67575.0,517728.0,2.59,-612779.0,-3.06,1130507.0,5.65,-1046430.0,-5.23,528703.0,2.64,-32.0,1.294,1.295,83147000.0,107675365,107675365,2026-07-22,2026-07-22 16:12:01+08:00
159930,能源ETF汇添富,1.677,1.6674,-0.58,0.041,2.51,532032.0,87697445.1,1.636,1.677,1.617,1.636,3.67,8.08,0.71,49.64,308068.0,223964.0,-9116348.0,-10.4,-12225273.0,-13.94,3108925.0,3.55,9330879.0,10.64,-214531.0,-0.24,3322.0,1.676,1.677,658398144.0,1104133687,1104133687,2026-07-22,2026-07-22 15:34:54+08:00
516570,化工行业ETF易方达,0.983,0.9829,-0.01,0.024,2.5,353478.0,34510994.0,0.959,0.984,0.959,0.959,2.61,3.12,1.24,-11.89,174241.0,179237.0,2169126.0,6.29,1838761.0,5.33,330365.0,0.96,-1642670.0,-4.76,-526456.0,-1.53,-5408.0,0.983,0.984,1133357600.0,1114090521,1114090521,2026-07-22,2026-07-22 16:11:58+08:00
510410,资源ETF博时,1.862,1.8636,0.09,0.045,2.48,105547.0,19669629.0,1.824,1.874,1.824,1.817,2.75,2.44,0.75,10.91,29700.0,75847.0,689554.0,3.51,-576210.0,-2.93,1265764.0,6.44,-552602.0,-2.81,-136951.0,-0.7,-166.0,1.862,1.864,433258400.0,806727141,806727141,2026-07-22,2026-07-22 16:11:37+08:00
159168,有色ETF富国,0.828,0.827,-0.12,0.02,2.48,507055.0,42092776.29,0.809,0.841,0.808,0.808,4.08,9.02,1.49,-26.77,229339.0,277716.0,2337261.0,5.55,2524377.0,6.0,-187116.0,-0.44,-1445153.0,-3.43,-892109.0,-2.12,2164.0,0.827,0.828,562455056.0,465712786,465712786,2026-07-22,2026-07-22 15:34:00+08:00
159582,半导体ETF博时,0.837,0.8346,-0.29,0.02,2.45,2845900.0,242476646.025,0.839,0.88,0.823,0.817,6.98,30.42,1.28,62.53,1367017.0,1478883.0,-9330070.0,-3.85,20036191.0,8.26,-29366261.0,-12.11,-2971971.0,-1.23,12302041.0,5.07,-13700.0,0.837,0.838,935608112.0,783103990,783103990,2026-07-22,2026-07-22 15:34:51+08:00
159768,房地产ETF银华,0.423,0.4231,0.02,0.01,2.42,1027485.0,42866774.1,0.413,0.424,0.408,0.413,3.87,12.39,1.01,-26.8,516377.0,511108.0,2855049.0,6.66,8494386.0,19.82,-5639337.0,-13.16,-1847588.0,-4.31,-1007462.0,-2.35,-8535.0,0.423,0.424,829450304.0,350857479,350857479,2026-07-22,2026-07-22 15:34:57+08:00
159067,绿色电力ETF鹏华,1.061,1.0619,0.08,0.025,2.41,225274.0,23549617.717,1.032,1.061,1.025,1.036,3.47,25.63,1.04,-50.09,125037.0,100237.0,-3803288.0,-16.15,-4501377.0,-19.11,698089.0,2.96,1376023.0,5.84,2427265.0,10.31,1760.0,1.058,1.061,87908737.0,93271170,93271170,2026-07-22,2026-07-22 15:34:33+08:00
159197,石油ETF招商,0.852,0.8517,-0.04,0.02,2.4,88571.0,7496168.346,0.845,0.854,0.84,0.832,1.68,19.09,0.74,24.86,41815.0,46756.0,397739.0,5.31,-557546.0,-7.44,955285.0,12.74,-398678.0,-5.32,940.0,0.01,-1027.0,0.852,0.853,46388290.0,39522823,39522823,2026-07-22,2026-07-22 15:34:24+08:00
560620,公用事业ETF万家,0.984,0.9852,0.12,0.023,2.39,25502.0,2499129.0,0.96,0.988,0.951,0.961,3.85,9.86,2.84,-6.59,16219.0,9283.0,-948451.0,-37.95,0.0,0.0,-948451.0,-37.95,382849.0,15.32,565602.0,22.63,-673.0,0.983,0.984,25867000.0,25453128,25453128,2026-07-22,2026-07-22 16:11:33+08:00
159731,石化ETF华夏,0.899,0.8993,0.03,0.02,2.28,477557.0,42720895.0,0.876,0.901,0.874,0.879,3.07,6.44,0.72,-41.56,254306.0,223251.0,4414784.0,10.33,2855454.0,6.68,1559330.0,3.65,-1643325.0,-3.85,-2771459.0,-6.49,50.0,0.898,0.899,741375808.0,666496851,666496851,2026-07-22,2026-07-22 15:34:36+08:00
516700,大数据ETF华宝,0.957,0.9556,-0.15,0.021,2.24,542753.0,51920586.0,0.926,0.973,0.884,0.936,9.51,24.55,1.49,15.65,311084.0,231669.0,773444.0,1.49,2691878.0,5.18,-1918434.0,-3.69,-1100744.0,-2.12,327299.0,0.63,-4424.0,0.956,0.957,221122000.0,211613754,211613754,2026-07-22,2026-07-22 16:11:57+08:00
159945,能源ETF广发,1.331,1.3225,-0.64,0.028,2.15,100089.0,13086520.6,1.301,1.331,1.291,1.303,3.07,15.26,1.0,76.17,50196.0,49893.0,26300.0,0.2,0.0,0.0,26300.0,0.2,420016.0,3.21,-446317.0,-3.41,927.0,1.329,1.331,65572327.0,87276767,87276767,2026-07-22,2026-07-22 15:34:57+08:00
515040,工业有色ETF华夏,1.004,1.0037,-0.03,0.021,2.14,777626.0,78181573.0,0.975,1.02,0.973,0.983,4.78,44.61,5.55,-41.65,558641.0,218985.0,7333248.0,9.38,12110807.0,15.49,-4777559.0,-6.11,-6619154.0,-8.47,-714093.0,-0.91,-77.0,1.004,1.005,174319600.0,175016878,175016878,2026-07-22,2026-07-22 16:11:33+08:00
516220,化工ETF国泰,0.863,0.8595,-0.41,0.018,2.13,172208.0,14769191.0,0.854,0.864,0.836,0.845,3.31,5.81,1.33,-0.37,88011.0,84197.0,512932.0,3.47,-17388.0,-0.12,530320.0,3.59,-309820.0,-2.1,-203112.0,-1.38,-2769.0,0.862,0.863,296170000.0,255594710,255594710,2026-07-22,2026-07-22 16:11:46+08:00
510720,红利国企ETF国泰,1.016,1.0176,0.16,0.021,2.11,2859252.0,286912772.0,0.995,1.017,0.988,0.995,2.91,9.88,1.13,-78.89,1753246.0,1106006.0,77118423.0,26.88,107926183.0,37.62,-30807760.0,-10.74,-49067462.0,-17.1,-28050961.0,-9.78,-16499.0,1.015,1.016,2893766000.0,2940066256,2940066256,2026-07-22,2026-07-22 16:11:51+08:00
159063,粮食ETF南方,0.94,0.9381,-0.2,0.019,2.06,53473.0,4960900.1,0.92,0.94,0.915,0.921,2.71,7.7,0.69,-4.95,21273.0,32200.0,84401.0,1.7,0.0,0.0,84401.0,1.7,-49404.0,-1.0,-34996.0,-0.71,73.0,0.935,0.94,69486647.0,65317448,65317448,2026-07-22,2026-07-22 15:34:27+08:00
159199,石油ETF平安,0.848,0.8495,0.18,0.017,2.05,7176.0,604696.545,0.83,0.849,0.83,0.831,2.29,0.98,0.52,20.37,4668.0,2508.0,-26401.0,-4.37,0.0,0.0,-26401.0,-4.37,69875.0,11.56,-43473.0,-7.19,-11.0,0.848,0.849,73154938.0,62035387,62035387,2026-07-22,2026-07-22 15:34:27+08:00
560580,电力ETF南方,1.148,1.147,-0.09,0.023,2.04,449583.0,50822184.0,1.11,1.15,1.109,1.125,3.64,9.03,1.28,2.27,174273.0,275310.0,833748.0,1.64,5530398.0,10.88,-4696650.0,-9.24,-653847.0,-1.29,-179900.0,-0.35,-4166.0,1.148,1.149,498003008.0,571707453,571707453,2026-07-22,2026-07-22 16:11:46+08:00
561980,半导体设备ETF招商,0.756,0.7595,0.46,0.015,2.02,9813607.0,758150263.0,0.757,0.8,0.746,0.741,7.29,11.01,1.02,16.76,4694353.0,5119254.0,-26478851.0,-3.49,30159430.0,3.98,-56638281.0,-7.47,14000687.0,1.85,12478171.0,1.65,-36698.0,0.756,0.757,8910550016.0,6736375812,6736375812,2026-07-22,2026-07-22 16:11:34+08:00
516530,物流ETF银华,0.971,0.9689,-0.22,0.019,2.0,3182.0,306224.0,0.952,0.971,0.952,0.952,2.0,1.79,0.47,8.64,2119.0,1063.0,6873.0,2.24,-4164.0,-1.36,11037.0,3.6,38698.0,12.64,-45572.0,-14.88,-10.0,0.97,0.971,17802300.0,17286033,17286033,2026-07-22,2026-07-22 16:11:36+08:00
159026,石油ETF南方,0.872,0.8735,0.17,0.017,1.99,89995.0,7817057.72,0.851,0.874,0.851,0.855,2.69,18.18,1.39,-16.48,39288.0,50707.0,-25528.0,-0.33,-825365.0,-10.56,799837.0,10.23,45812.0,0.59,-20284.0,-0.26,1.0,0.87,0.872,49513446.0,43175725,43175725,2026-07-22,2026-07-22 15:34:51+08:00
159588,石油ETF景顺,1.183,1.1826,-0.03,0.023,1.98,136200.0,16048062.1,1.169,1.186,1.161,1.16,2.16,2.98,0.78,-66.1,55741.0,80459.0,-1751157.0,-10.91,-168627.0,-1.05,-1582530.0,-9.86,-584940.0,-3.64,2336098.0,14.56,1138.0,1.182,1.183,456284864.0,539784994,539784994,2026-07-22,2026-07-22 15:34:30+08:00
159148,石油ETF富国,0.934,0.9306,-0.37,0.018,1.97,179133.0,16607614.1,0.918,0.934,0.917,0.916,1.86,7.94,0.78,-14.58,96439.0,82694.0,109974.0,0.66,825460.0,4.97,-715486.0,-4.31,-462230.0,-2.78,352257.0,2.12,824.0,0.933,0.934,225466601.0,210585805,210585805,2026-07-22,2026-07-22 15:34:57+08:00
159181,石油ETF易方达,0.83,0.8302,0.02,0.016,1.97,125063.0,10333922.6,0.815,0.832,0.815,0.814,2.09,8.26,0.89,-61.09,54039.0,71024.0,-3472.0,-0.03,0.0,0.0,-3472.0,-0.03,95057.0,0.92,-91585.0,-0.89,578.0,0.829,0.83,151405335.0,125666428,125666428,2026-07-22,2026-07-22 15:34:12+08:00
560480,电力ETF招商,0.938,0.9356,-0.26,0.018,1.96,292744.0,27071401.0,0.916,0.938,0.906,0.92,3.48,18.32,1.37,-33.62,177664.0,115080.0,970726.0,3.59,-2511456.0,-9.28,3482182.0,12.86,-1081278.0,-3.99,110552.0,0.41,-3427.0,0.937,0.938,159803000.0,149895214,149895214,2026-07-22,2026-07-22 16:11:44+08:00
159189,石油ETF华夏,0.836,0.8356,-0.05,0.016,1.95,160511.0,13346033.653,0.82,0.838,0.82,0.82,2.2,12.94,1.11,-28.27,69042.0,91469.0,277622.0,2.08,0.0,0.0,277622.0,2.08,-137211.0,-1.03,-140411.0,-1.05,500.0,0.835,0.836,124083187.0,103733544,103733544,2026-07-22,2026-07-22 15:34:00+08:00
510090,责任ETF建信,2.52,2.5305,0.41,0.048,1.94,7912.0,1994120.0,2.489,2.527,2.489,2.472,1.54,3.03,3.62,32.34,4984.0,2928.0,-52119.0,-2.61,0.0,0.0,-52119.0,-2.61,90430.0,4.53,-38311.0,-1.92,-160.0,2.521,2.53,26081100.0,65724372,65724372,2026-07-22,2026-07-22 16:12:01+08:00
159944,材料ETF广发,1.399,1.4002,0.09,0.026,1.89,77713.0,10913523.9,1.373,1.416,1.373,1.373,3.13,21.82,1.02,66.26,19914.0,57799.0,885310.0,8.11,-854656.0,-7.83,1739966.0,15.94,-704994.0,-6.46,-180316.0,-1.65,11.0,1.399,1.4,35608342.0,49816070,49816070,2026-07-22,2026-07-22 15:34:18+08:00
159697,石油ETF鹏华,1.248,1.2477,-0.02,0.023,1.88,437464.0,54315743.7,1.225,1.252,1.225,1.225,2.2,3.88,0.62,-33.32,264458.0,173006.0,12935699.0,23.82,7127749.0,13.12,5807950.0,10.69,-2942244.0,-5.42,-9993454.0,-18.4,661.0,1.247,1.248,1128022000.0,1407771456,1407771456,2026-07-22,2026-07-22 15:34:18+08:00
561170,绿色电力ETF富国,1.194,1.192,-0.17,0.022,1.88,527813.0,62219736.0,1.163,1.194,1.16,1.172,2.9,8.18,1.16,-40.69,271884.0,255929.0,979501.0,1.57,-514136.0,-0.83,1493637.0,2.4,-397851.0,-0.64,-581650.0,-0.93,-3879.0,1.194,1.195,645032704.0,770169049,770169049,2026-07-22,2026-07-22 16:11:57+08:00
159031,粮食ETF博时,0.873,0.8731,0.01,0.016,1.87,36895.0,3198327.084,0.857,0.873,0.855,0.857,2.1,0.73,1.31,13.82,12877.0,24018.0,871924.0,27.26,502325.0,15.71,369599.0,11.56,-758104.0,-23.7,-113818.0,-3.56,-104.0,0.873,0.875,502528624.0,438707489,438707489,2026-07-22,2026-07-22 15:34:06+08:00
516120,化工ETF富国,0.844,0.8414,-0.31,0.015,1.81,1171230.0,98333020.0,0.827,0.846,0.819,0.829,3.26,2.25,1.07,-9.89,702751.0,468479.0,7587598.0,7.72,12834448.0,13.05,-5246850.0,-5.34,-7671010.0,-7.8,83413.0,0.08,-10453.0,0.843,0.844,5208081920.0,4395621140,4395621140,2026-07-22,2026-07-22 16:11:53+08:00
512140,电力ETF华安,0.959,0.9577,-0.14,0.017,1.8,296581.0,28007889.0,0.939,0.959,0.93,0.942,3.08,16.47,1.11,3.64,150767.0,145814.0,-666078.0,-2.38,1837424.0,6.56,-2503502.0,-8.94,954319.0,3.41,-288242.0,-1.03,-2771.0,0.958,0.959,180049000.0,172666991,172666991,2026-07-22,2026-07-22 16:11:56+08:00
159195,石油ETF华安,0.851,0.8538,0.33,0.015,1.79,139802.0,11881495.15,0.834,0.856,0.834,0.836,2.63,15.62,0.86,-95.56,72598.0,67204.0,-329934.0,-2.78,-508800.0,-4.28,178866.0,1.51,203557.0,1.71,126376.0,1.06,-200.0,0.85,0.852,89490164.0,76156130,76156130,2026-07-22,2026-07-22 15:34:24+08:00
159060,粮食ETF浦银,0.921,0.9232,0.24,0.016,1.77,11355.0,1035879.43,0.913,0.921,0.907,0.905,1.55,1.52,0.58,-95.77,2900.0,8455.0,-56751.0,-5.48,0.0,0.0,-56751.0,-5.48,18382.0,1.77,38370.0,3.7,10.0,0.922,0.93,74483423.0,68599233,68599233,2026-07-22,2026-07-22 15:34:27+08:00
159017,石油ETF工银,0.867,0.8681,0.13,0.015,1.76,80068.0,6913589.124,0.854,0.871,0.854,0.852,2.0,5.03,1.12,56.56,33561.0,46507.0,259386.0,3.75,0.0,0.0,259386.0,3.75,-250533.0,-3.62,-8853.0,-0.13,-203.0,0.867,0.868,159256813.0,138075657,138075657,2026-07-22,2026-07-22 15:34:54+08:00
560270,电力ETF工银,0.986,0.9887,0.27,0.017,1.75,205154.0,20059242.0,0.956,0.989,0.956,0.969,3.41,11.06,1.0,-41.28,116949.0,88205.0,512433.0,2.55,232172.0,1.16,280261.0,1.4,-151765.0,-0.76,-360669.0,-1.8,-8879.0,0.985,0.986,185439000.0,182842854,182842854,2026-07-22,2026-07-22 16:11:58+08:00
159019,石油ETF华宝,0.878,0.8761,-0.22,0.015,1.74,199713.0,17442383.5,0.864,0.878,0.864,0.863,1.62,40.49,1.31,77.18,103300.0,96413.0,-36630.0,-0.21,0.0,0.0,-36630.0,-0.21,91574.0,0.53,-54943.0,-0.31,-349.0,0.878,0.879,49327711.0,43309730,43309730,2026-07-22,2026-07-22 15:34:00+08:00
159146,电力ETF华宝,1.056,1.0539,-0.2,0.018,1.73,593159.0,61727151.776,1.03,1.056,1.025,1.038,2.99,7.58,1.23,61.04,282434.0,310725.0,1230208.0,1.99,3016215.0,4.89,-1786007.0,-2.89,-557510.0,-0.9,-672699.0,-1.09,-4578.0,1.056,1.057,782440848.0,826257535,826257535,2026-07-22,2026-07-22 15:34:51+08:00
159033,粮食ETF国泰,0.887,0.8867,-0.03,0.015,1.72,246695.0,21614315.509,0.871,0.887,0.869,0.872,2.06,13.38,1.08,49.64,130945.0,115750.0,584295.0,2.7,518635.0,2.4,65660.0,0.3,-429098.0,-1.99,-155197.0,-0.72,-219.0,0.887,0.888,184323473.0,163494921,163494921,2026-07-22,2026-07-22 15:34:09+08:00
159059,电力ETF大成,1.066,1.0698,0.36,0.018,1.72,276581.0,29121549.293,1.042,1.066,1.035,1.048,2.96,19.36,0.34,-69.38,172248.0,104333.0,1379959.0,4.74,4210631.0,14.46,-2830672.0,-9.72,-1300965.0,-4.47,-78995.0,-0.27,1126.0,1.065,1.066,142830063.0,152256847,152256847,2026-07-22,2026-07-22 15:34:09+08:00
159072,粮食ETF景顺,1.007,1.0116,0.45,0.017,1.72,307228.0,30684221.152,0.988,1.007,0.983,0.99,2.42,21.15,0.63,-2.9,207293.0,99935.0,3471533.0,11.31,3006532.0,9.8,465001.0,1.52,-3720731.0,-12.13,249198.0,0.81,3173.0,1.006,1.007,145285157.0,146302153,146302153,2026-07-22,2026-07-22 15:34:30+08:00
159870,化工ETF鹏华,0.773,0.7713,-0.22,0.013,1.71,7098881.0,546571147.631,0.755,0.777,0.754,0.76,3.03,3.97,1.11,-27.8,4476874.0,2622007.0,21835506.0,3.99,55905350.0,10.23,-34069844.0,-6.23,-14771626.0,-2.7,-7063873.0,-1.29,37083.0,0.772,0.773,17886607104.0,13826347291,13826347291,2026-07-22,2026-07-22 15:34:12+08:00
530880,红利国企ETF银河,1.069,1.071,0.19,0.018,1.71,23644.0,2504052.0,1.048,1.07,1.042,1.051,2.66,5.39,0.75,36.56,18176.0,5468.0,411527.0,16.43,0.0,0.0,411527.0,16.43,-198615.0,-7.93,-212912.0,-8.5,-238.0,1.068,1.069,43836000.0,46860684,46860684,2026-07-22,2026-07-22 16:11:47+08:00
562960,绿色电力ETF易方达,1.188,1.1873,-0.06,0.02,1.71,544755.0,63901231.0,1.157,1.188,1.155,1.168,2.83,4.11,1.05,-16.58,271321.0,273434.0,3973901.0,6.22,1722804.0,2.7,2251097.0,3.52,-3588852.0,-5.62,-385050.0,-0.6,-4004.0,1.188,1.189,1326891008.0,1576346518,1576346518,2026-07-22,2026-07-22 16:11:55+08:00
159625,绿色电力ETF嘉实,1.254,1.2532,-0.06,0.021,1.7,602944.0,74671549.6,1.229,1.255,1.221,1.233,2.76,2.7,0.91,31.61,335789.0,267155.0,5351250.0,7.17,-6661999.0,-8.92,12013249.0,16.09,-3973104.0,-5.32,-1378147.0,-1.85,-3586.0,1.254,1.255,2229713776.0,2796061075,2796061075,2026-07-22,2026-07-22 15:34:45+08:00
159061,绿色电力ETF南方,0.963,0.9626,-0.04,0.016,1.69,137892.0,13144621.62,0.928,0.963,0.928,0.947,3.7,6.14,1.38,-20.79,78029.0,59863.0,1295865.0,9.86,-958593.0,-7.29,2254458.0,17.15,-907014.0,-6.9,-388851.0,-2.96,-892.0,0.963,0.964,224440230.0,216135941,216135941,2026-07-22,2026-07-22 15:34:09+08:00
159158,电力ETF景顺,1.047,1.0434,-0.35,0.017,1.65,708774.0,73095893.122,1.027,1.047,1.015,1.03,3.11,6.52,1.12,-33.58,392907.0,315868.0,1307184.0,1.79,7346112.0,10.05,-6038928.0,-8.26,27733.0,0.04,-1334917.0,-1.83,-5884.0,1.047,1.048,1086535344.0,1137602505,1137602505,2026-07-22,2026-07-22 15:34:45+08:00
515200,创新100ETF申万菱信,2.687,2.628,-2.25,0.043,1.63,21536.0,5716329.0,2.66,2.687,2.612,2.644,2.84,5.39,1.8,16.57,10818.0,10718.0,-152244.0,-2.66,0.0,0.0,-152244.0,-2.66,-157162.0,-2.75,309406.0,5.41,1.0,2.645,2.661,39943200.0,107327378,107327378,2026-07-22,2026-07-22 16:11:59+08:00
562550,绿电ETF华夏,1.187,1.1858,-0.1,0.019,1.63,1494646.0,174871298.0,1.154,1.188,1.154,1.168,2.91,8.63,1.01,11.76,803433.0,691213.0,10205162.0,5.84,7305823.0,4.18,2899339.0,1.66,-9690331.0,-5.54,-514832.0,-0.29,-15327.0,1.186,1.187,1731419296.0,2055194704,2055194704,2026-07-22,2026-07-22 16:11:32+08:00
562920,信息安全ETF易方达,0.943,0.944,0.11,0.015,1.62,111540.0,10513205.0,0.92,0.954,0.92,0.928,3.66,11.61,1.47,9.79,58012.0,53528.0,371512.0,3.53,518488.0,4.93,-146976.0,-1.4,-188029.0,-1.79,-183483.0,-1.75,-12.0,0.942,0.943,96069000.0,90593067,90593067,2026-07-22,2026-07-22 16:11:52+08:00
560830,电力ETF华夏,0.94,0.9393,-0.07,0.015,1.62,519990.0,48354720.0,0.91,0.94,0.909,0.925,3.35,6.72,1.19,36.93,329732.0,190258.0,3954461.0,8.18,3811589.0,7.88,142872.0,0.3,-3240527.0,-6.7,-713934.0,-1.48,-12118.0,0.939,0.94,773519008.0,727107868,727107868,2026-07-22,2026-07-22 16:11:33+08:00
560460,电力ETF平安,0.941,0.9408,-0.02,0.015,1.62,186684.0,17354342.0,0.915,0.941,0.91,0.926,3.35,5.91,1.15,11.82,116607.0,70077.0,2681572.0,15.45,371334.0,2.14,2310238.0,13.31,-2011746.0,-11.59,-669827.0,-3.86,-1988.0,0.94,0.941,316037008.0,297390825,297390825,2026-07-22,2026-07-22 16:12:01+08:00
159669,绿色电力ETF国泰,1.152,1.1519,-0.01,0.018,1.59,92934.0,10580330.8,1.118,1.152,1.117,1.134,3.09,4.31,0.92,-1.55,54411.0,38523.0,92083.0,0.87,871847.0,8.24,-779764.0,-7.37,138491.0,1.31,-230575.0,-2.18,667.0,1.151,1.152,215754781.0,248549508,248549508,2026-07-22,2026-07-22 15:34:30+08:00
562350,电力ETF银华,1.148,1.1455,-0.22,0.018,1.59,352935.0,39981206.0,1.117,1.149,1.11,1.13,3.45,20.96,1.16,-12.97,180011.0,172924.0,106628.0,0.27,-443770.0,-1.11,550398.0,1.38,-370346.0,-0.93,263719.0,0.66,-4871.0,1.148,1.149,168410900.0,193335713,193335713,2026-07-22,2026-07-22 16:11:41+08:00
159611,电力ETF广发,1.09,1.089,-0.09,0.017,1.58,15447586.0,1661784261.761,1.061,1.091,1.06,1.073,2.89,15.74,1.64,37.43,9252503.0,6195083.0,-23643568.0,-1.42,86324048.0,5.19,-109967616.0,-6.62,10286993.0,0.62,13356589.0,0.8,-165470.0,1.09,1.091,9811162880.0,10694167539,10694167539,2026-07-22,2026-07-22 15:34:42+08:00
159038,粮食ETF易方达,0.837,0.8367,-0.04,0.013,1.58,116047.0,9588724.289,0.825,0.837,0.819,0.824,2.18,6.56,1.76,-28.62,55562.0,60485.0,647702.0,6.75,125516.0,1.31,522186.0,5.45,-556318.0,-5.8,-91385.0,-0.95,248.0,0.836,0.837,177026939.0,148171548,148171548,2026-07-22,2026-07-22 15:34:00+08:00
560020,红利ETF汇添富,1.096,1.0934,-0.24,0.017,1.58,86603.0,9361837.0,1.075,1.096,1.07,1.079,2.41,6.48,1.59,17.91,38808.0,47795.0,-1442231.0,-15.41,34681.0,0.37,-1476912.0,-15.78,609932.0,6.52,832298.0,8.89,-1893.0,1.095,1.096,133562000.0,146383952,146383952,2026-07-22,2026-07-22 16:11:53+08:00
159332,央企红利ETF富国,1.185,1.1834,-0.14,0.018,1.54,71904.0,8416721.1,1.16,1.185,1.157,1.167,2.4,7.77,1.06,41.63,26584.0,45320.0,685871.0,8.15,1851343.0,22.0,-1165472.0,-13.85,-539240.0,-6.41,-146632.0,-1.74,-582.0,1.185,1.186,92521477.0,109637950,109637950,2026-07-22,2026-07-22 15:34:12+08:00
516910,物流ETF富国,1.126,1.1249,-0.1,0.017,1.53,161298.0,18043765.0,1.109,1.126,1.109,1.109,1.53,21.76,1.52,-20.7,65170.0,96128.0,-695769.0,-3.86,-687269.0,-3.81,-8500.0,-0.05,560122.0,3.1,135647.0,0.75,-102.0,1.126,1.127,74141800.0,83483667,83483667,2026-07-22,2026-07-22 16:11:33+08:00
561560,电力ETF华泰柏瑞,1.323,1.322,-0.08,0.02,1.53,1289126.0,168346835.0,1.293,1.323,1.284,1.303,2.99,5.72,1.11,14.17,761799.0,527327.0,6583609.0,3.91,2727408.0,1.62,3856201.0,2.29,-6077887.0,-3.61,-505722.0,-0.3,-8628.0,1.323,1.324,2253624208.0,2981544827,2981544827,2026-07-22,2026-07-22 16:12:00+08:00
516000,大数据ETF华夏,1.0,0.9998,-0.02,0.015,1.52,1890134.0,189896336.0,0.972,1.021,0.972,0.985,4.97,36.08,2.65,31.47,1175299.0,714835.0,-10805155.0,-5.69,-13528545.0,-7.12,2723390.0,1.43,8417964.0,4.43,2387191.0,1.26,-3234.0,1.0,1.001,523855008.0,523855008,523855008,2026-07-22,2026-07-22 16:11:38+08:00
159981,能源化工ETF建信,1.532,1.5305,-0.1,0.023,1.52,3204978.0,487822134.6,1.531,1.533,1.507,1.509,1.72,18.1,1.25,-64.89,1824831.0,1380147.0,-11867369.0,-2.43,-5741441.0,-1.18,-6125928.0,-1.26,-1766524.0,-0.36,13633894.0,2.79,-30651.0,1.532,1.533,1770536960.0,2712462623,2712462623,2026-07-22,2026-07-22 15:34:51+08:00
561420,300现金流ETF汇添富,1.07,1.0703,0.03,0.016,1.52,130644.0,13902334.0,1.051,1.07,1.05,1.054,1.9,1.2,1.05,5.59,88231.0,42413.0,651138.0,4.68,-1628260.0,-11.71,2279398.0,16.4,-472418.0,-3.4,-178718.0,-1.29,-317.0,1.069,1.07,1084237008.0,1160133599,1160133599,2026-07-22,2026-07-22 16:11:52+08:00
562080,300现金流ETF华宝,0.606,0.6081,0.35,0.009,1.51,448316.0,26998989.0,0.596,0.608,0.596,0.597,2.01,7.18,1.05,-3.69,227075.0,221241.0,2617432.0,9.69,2669269.0,9.89,-51837.0,-0.19,-1497937.0,-5.55,-1119495.0,-4.15,-10.0,0.606,0.607,624757200.0,378602863,378602863,2026-07-22,2026-07-22 16:11:47+08:00
159129,化工ETF嘉实,1.014,1.0131,-0.09,0.015,1.5,254691.0,25743523.304,0.985,1.019,0.985,0.999,3.4,2.16,1.18,-31.64,107807.0,146884.0,714146.0,2.77,2341265.0,9.09,-1627119.0,-6.32,-483660.0,-1.88,-230486.0,-0.9,955.0,1.013,1.014,1177906592.0,1194397284,1194397284,2026-07-22,2026-07-22 15:34:48+08:00
510010,180治理ETF交银,1.757,1.7561,-0.05,0.026,1.5,1658.0,288155.0,1.714,1.757,1.691,1.731,3.81,0.13,0.76,23.73,124.0,1534.0,24342.0,8.45,0.0,0.0,24342.0,8.45,0.0,0.0,-24342.0,-8.45,41.0,1.757,1.76,131524400.0,231088371,231088371,2026-07-22,2026-07-22 16:11:39+08:00
510880,红利ETF华泰柏瑞,3.253,3.2573,0.13,0.048,1.5,3123703.0,1005971778.0,3.201,3.257,3.181,3.205,2.37,4.06,0.88,-81.41,1819456.0,1304247.0,122061670.0,12.13,227180598.0,22.58,-105118928.0,-10.45,-63734248.0,-6.34,-58327415.0,-5.8,-11343.0,3.252,3.253,7700675584.0,25050297675,25050297675,2026-07-22,2026-07-22 16:11:50+08:00
516210,银行ETF华安,1.362,1.362,0.0,0.02,1.49,109848.0,14842306.0,1.342,1.362,1.329,1.342,2.46,13.44,1.35,-11.48,56270.0,53578.0,2759790.0,18.59,-168809.0,-1.14,2928599.0,19.73,-2585987.0,-17.42,-173803.0,-1.17,-2.0,1.362,1.363,81731000.0,111317622,111317622,2026-07-22,2026-07-22 16:11:33+08:00
159336,央企红利ETF融通,1.169,1.1694,0.03,0.017,1.48,150623.0,17517337.4,1.152,1.176,1.145,1.152,2.69,3.24,1.8,11.55,98277.0,52346.0,-3412394.0,-19.48,-5693560.0,-32.5,2281166.0,13.02,1826904.0,10.43,1585491.0,9.05,-5.0,1.169,1.173,464905088.0,543474048,543474048,2026-07-22,2026-07-22 15:34:18+08:00
516020,化工ETF华宝,0.824,0.8233,-0.09,0.012,1.48,1372699.0,112665915.0,0.808,0.828,0.805,0.812,2.83,3.51,1.03,-49.83,677784.0,694915.0,2327437.0,2.07,8099505.0,7.19,-5772068.0,-5.12,-1583944.0,-1.41,-743495.0,-0.66,-4597.0,0.824,0.825,3910326208.0,3222108795,3222108795,2026-07-22,2026-07-22 16:11:58+08:00
159506,港股通创新药医疗ETF富国,1.236,1.2339,-0.17,0.018,1.48,7617923.0,944476668.1,1.208,1.255,1.208,1.218,3.86,28.64,0.75,-3.35,3773608.0,3844315.0,-16387085.0,-1.74,-22496205.0,-2.38,6109120.0,0.65,731440.0,0.08,15655627.0,1.66,18655.0,1.235,1.236,2659536976.0,3287187702,3287187702,2026-07-22,2026-07-22 15:34:51+08:00
159133,化工ETF天弘,1.041,1.0389,-0.2,0.015,1.46,444001.0,46096855.057,1.021,1.046,1.019,1.026,2.63,2.69,1.19,10.37,266977.0,177024.0,-5330641.0,-11.56,-1061288.0,-2.3,-4269353.0,-9.26,5443637.0,11.81,-112997.0,-0.25,-282.0,1.041,1.042,1647913344.0,1715477791,1715477791,2026-07-22,2026-07-22 15:34:48+08:00
516310,银行ETF易方达,1.327,1.325,-0.15,0.019,1.45,1336888.0,175262341.0,1.307,1.327,1.295,1.308,2.45,5.45,0.55,-31.81,702116.0,634772.0,7755142.0,4.42,5052364.0,2.88,2702778.0,1.54,-3414316.0,-1.95,-4340825.0,-2.48,-13445.0,1.326,1.327,2452458496.0,3254412424,3254412424,2026-07-22,2026-07-22 16:11:54+08:00
563680,800现金流ETF汇添富,1.186,1.1878,0.15,0.017,1.45,39471.0,4663479.0,1.168,1.19,1.168,1.169,1.88,3.56,1.14,2.44,21472.0,17999.0,252800.0,5.42,-14987.0,-0.32,267787.0,5.74,-304909.0,-6.54,52111.0,1.12,-1691.0,1.186,1.19,110959000.0,131597374,131597374,2026-07-22,2026-07-22 16:12:00+08:00
159698,粮食ETF鹏华,0.837,0.835,-0.24,0.012,1.45,497471.0,41198526.716,0.814,0.837,0.814,0.825,2.79,4.92,1.02,32.07,279671.0,217800.0,1755534.0,4.26,130471.0,0.32,1625063.0,3.94,-303245.0,-0.74,-1452289.0,-3.53,-7239.0,0.837,0.838,1010444384.0,845741949,845741949,2026-07-22,2026-07-22 15:34:21+08:00
520990,港股央企红利ETF景顺,0.977,0.9743,-0.28,0.014,1.45,1987982.0,193325979.0,0.966,0.977,0.964,0.963,1.35,5.43,0.99,-33.32,971249.0,1016733.0,-10716812.0,-5.54,8122310.0,4.2,-18839122.0,-9.74,10398831.0,5.38,317982.0,0.16,-3636.0,0.977,0.978,3662470496.0,3578233675,3578233675,2026-07-22,2026-07-22 16:12:00+08:00
515400,大数据ETF富国,0.912,0.9118,-0.02,0.013,1.45,3762314.0,344330178.0,0.89,0.93,0.888,0.899,4.67,19.33,1.39,10.71,2258368.0,1503946.0,-1453696.0,-0.42,15699758.0,4.56,-17153454.0,-4.98,1645664.0,0.48,-191968.0,-0.06,-37738.0,0.912,0.913,1946631408.0,1775327844,1775327844,2026-07-22,2026-07-22 16:12:00+08:00
515890,红利ETF博时,1.432,1.4335,0.1,0.02,1.42,98485.0,13946634.0,1.411,1.432,1.405,1.412,1.91,2.84,1.24,53.1,45105.0,53380.0,1346417.0,9.65,3249596.0,23.3,-1903179.0,-13.65,-265789.0,-1.91,-1080628.0,-7.75,-54.0,1.43,1.432,346443904.0,496107671,496107671,2026-07-22,2026-07-22 16:12:01+08:00
159587,粮食ETF广发,1.074,1.0735,-0.05,0.015,1.42,136719.0,14518791.3,1.059,1.074,1.049,1.059,2.36,9.09,1.11,32.26,63816.0,72903.0,1001258.0,6.9,1683677.0,11.6,-682419.0,-4.7,-675448.0,-4.65,-325811.0,-2.24,-394.0,1.074,1.075,150447031.0,161580111,161580111,2026-07-22,2026-07-22 15:34:54+08:00
159046,绿电ETF天弘,0.949,0.9507,0.18,0.013,1.39,207510.0,19521341.207,0.93,0.95,0.921,0.936,3.1,4.85,0.98,-65.91,92934.0,114576.0,2440123.0,12.5,-163301.0,-0.84,2603424.0,13.34,-1933995.0,-9.91,-506127.0,-2.59,-609.0,0.949,0.95,427476848.0,405675529,405675529,2026-07-22,2026-07-22 15:34:24+08:00
530680,上证180ETF兴业,1.174,1.1763,0.2,0.016,1.38,29476.0,3465100.0,1.167,1.181,1.167,1.158,1.21,2.4,0.41,7.41,16460.0,13016.0,-79074.0,-2.28,0.0,0.0,-79074.0,-2.28,64211.0,1.85,14863.0,0.43,248.0,1.171,1.174,122891900.0,144275091,144275091,2026-07-22,2026-07-22 16:11:53+08:00
516370,电力ETF汇添富,0.962,0.9608,-0.12,0.013,1.37,627135.0,59493485.0,0.931,0.963,0.931,0.949,3.37,16.89,1.31,9.81,298204.0,328931.0,5599717.0,9.41,9571911.0,16.09,-3972194.0,-6.68,-5634759.0,-9.47,35042.0,0.06,-4765.0,0.962,0.963,371408000.0,357294496,357294496,2026-07-22,2026-07-22 16:11:44+08:00
561260,能源ETF工银,1.258,1.2578,-0.02,0.017,1.37,68722.0,8566922.0,1.239,1.259,1.199,1.241,4.83,24.12,1.86,5.11,36756.0,31966.0,736166.0,8.59,0.0,0.0,736166.0,8.59,-649160.0,-7.58,-87006.0,-1.02,-300.0,1.254,1.258,28495200.0,35846962,35846962,2026-07-22,2026-07-22 16:11:33+08:00
159613,信息安全ETF嘉实,0.892,0.891,-0.11,0.012,1.36,301448.0,26776511.9,0.878,0.901,0.81,0.88,10.34,24.39,1.3,6.09,156808.0,144640.0,-3045627.0,-11.37,104029.0,0.39,-3149656.0,-11.76,2725022.0,10.18,320605.0,1.2,341.0,0.891,0.892,123590217.0,110242474,110242474,2026-07-22,2026-07-22 15:34:57+08:00
510030,价值ETF华宝,1.052,1.0539,0.18,0.014,1.35,48771.0,5083463.0,1.038,1.052,1.028,1.038,2.31,3.11,0.66,6.93,28315.0,20456.0,142665.0,2.81,1668.0,0.03,140997.0,2.77,-40590.0,-0.8,-102076.0,-2.01,-12.0,1.052,1.053,156729800.0,164879750,164879750,2026-07-22,2026-07-22 16:12:01+08:00
512530,沪深300红利ETF建信,1.602,1.607,0.31,0.021,1.33,34886.0,5526291.0,1.581,1.604,1.568,1.581,2.28,3.4,0.71,33.69,22891.0,11995.0,896154.0,16.22,0.0,0.0,896154.0,16.22,-640638.0,-11.59,-255516.0,-4.62,-42.0,1.602,1.603,102502000.0,164208204,164208204,2026-07-22,2026-07-22 16:11:35+08:00
159570,港股通创新药ETF汇添富,1.447,1.4413,-0.4,0.019,1.33,23632026.0,3442493369.044,1.423,1.474,1.423,1.428,3.57,14.02,0.73,-33.35,11813769.0,11818257.0,-200957584.0,-5.84,-68138528.0,-1.98,-132819056.0,-3.86,125599856.0,3.65,75357731.0,2.19,-91286.0,1.447,1.448,16854597120.0,24388602033,24388602033,2026-07-22,2026-07-22 15:34:48+08:00
561700,电力ETF博时,1.148,1.1482,0.02,0.015,1.32,320890.0,36353955.0,1.119,1.15,1.109,1.133,3.62,7.62,1.18,0.77,166199.0,154691.0,56360.0,0.16,-2507686.0,-6.9,2564046.0,7.05,621849.0,1.71,-678210.0,-1.87,-2055.0,1.148,1.149,421313600.0,483668013,483668013,2026-07-22,2026-07-22 16:11:51+08:00
512720,计算机ETF国泰,1.237,1.2343,-0.22,0.016,1.31,394948.0,49001282.0,1.215,1.261,1.211,1.221,4.1,9.81,1.31,-27.25,202583.0,192365.0,1553195.0,3.17,3903328.0,7.97,-2350133.0,-4.8,-1772612.0,-3.62,219417.0,0.45,-247.0,1.237,1.238,402453408.0,497834866,497834866,2026-07-22,2026-07-22 16:11:50+08:00
512390,中国低波ETF平安,1.239,1.2374,-0.13,0.016,1.31,8207.0,1016973.0,1.235,1.24,1.234,1.223,0.49,8.48,0.33,8.71,2307.0,5900.0,-200463.0,-19.71,-721308.0,-70.93,520845.0,51.22,42152.0,4.14,158311.0,15.57,8.0,1.236,1.237,9682000.0,11995998,11995998,2026-07-22,2026-07-22 16:11:50+08:00
159616,农牧ETF建信,0.775,0.7744,-0.08,0.01,1.31,141124.0,10870504.6,0.762,0.777,0.76,0.765,2.22,20.0,0.99,17.21,82155.0,58969.0,-572459.0,-5.27,0.0,0.0,-572459.0,-5.27,704882.0,6.48,-132423.0,-1.22,115.0,0.774,0.775,70561112.0,54684862,54684862,2026-07-22,2026-07-22 15:34:09+08:00
159030,粮食ETF华夏,0.782,0.782,0.0,0.01,1.3,104529.0,8114904.804,0.769,0.782,0.763,0.772,2.46,3.54,1.44,-53.13,72646.0,31883.0,979155.0,12.07,940345.0,11.59,38810.0,0.48,-586634.0,-7.23,-392520.0,-4.84,4513.0,0.781,0.782,295468176.0,231056114,231056114,2026-07-22,2026-07-22 15:34:12+08:00
159825,农业ETF富国,0.714,0.712,-0.28,0.009,1.28,1280684.0,90676797.524,0.702,0.714,0.697,0.705,2.41,5.54,0.96,12.09,694028.0,586656.0,-1659311.0,-1.83,1383014.0,1.53,-3042325.0,-3.36,-461249.0,-0.51,2120562.0,2.34,21504.0,0.713,0.714,2310077408.0,1649395269,1649395269,2026-07-22,2026-07-22 15:34:24+08:00
530580,上证180ETF南方,1.186,1.1881,0.18,0.015,1.28,109184.0,12957205.0,1.18,1.195,1.179,1.171,1.37,18.46,1.68,-12.73,56995.0,52189.0,-161003.0,-1.24,-759810.0,-5.86,598807.0,4.62,140350.0,1.08,20653.0,0.16,4.0,1.185,1.186,59149000.0,70150714,70150714,2026-07-22,2026-07-22 16:11:58+08:00
159229,自由现金流ETF广发,1.19,1.1865,-0.29,0.015,1.28,103607.0,12211617.7,1.17,1.19,1.162,1.175,2.38,7.35,0.85,9.01,57664.0,45943.0,451921.0,3.7,722543.0,5.92,-270622.0,-2.22,-339365.0,-2.78,-112556.0,-0.92,-133.0,1.19,1.191,141056022.0,167856666,167856666,2026-07-22,2026-07-22 15:34:33+08:00
159159,公用事业ETF国投瑞银,1.04,1.0413,0.12,0.013,1.27,78395.0,8075197.064,1.022,1.042,1.019,1.027,2.24,6.23,0.94,-21.88,40419.0,37976.0,527112.0,6.53,-1235.0,-0.02,528347.0,6.54,-273197.0,-3.38,-253914.0,-3.14,88.0,1.038,1.039,125818582.0,130851325,130851325,2026-07-22,2026-07-22 15:34:03+08:00
520500,恒生创新药ETF华泰柏瑞,1.434,1.4364,0.17,0.018,1.27,20843648.0,3007563898.0,1.405,1.461,1.405,1.416,3.95,87.37,0.84,-5.0,10627842.0,10215806.0,7749248.0,0.26,-23530736.0,-0.78,31279984.0,1.04,-26774768.0,-0.89,19025537.0,0.63,-92471.0,1.433,1.434,2385805008.0,3421244381,3421244381,2026-07-22,2026-07-22 16:11:58+08:00
561250,N稀有金属ETF鹏华,0.968,0.9636,-0.46,0.012,1.26,355140.0,34396213.0,0.95,0.985,0.95,0.956,3.66,15.66,,-76.58,191962.0,163178.0,25189.0,0.07,338476.0,0.98,-313287.0,-0.91,-137273.0,-0.4,112084.0,0.33,200.0,0.959,0.968,226752176.0,219496106,219496106,2026-07-22,2026-07-22 16:11:59+08:00
560450,电力ETF天弘,0.975,0.9758,0.08,0.012,1.25,273336.0,26398000.0,0.952,0.975,0.948,0.963,2.8,9.46,1.05,-10.9,147309.0,126027.0,3110225.0,11.78,-979240.0,-3.71,4089465.0,15.49,-2066591.0,-7.83,-1043635.0,-3.95,-932.0,0.974,0.975,289069008.0,281842283,281842283,2026-07-22,2026-07-22 16:11:58+08:00
561050,稀有金属ETF易方达,0.813,0.8107,-0.28,0.01,1.25,166531.0,13550622.0,0.803,0.824,0.799,0.803,3.11,7.05,0.98,-6.5,93344.0,73187.0,-140280.0,-1.04,-1154630.0,-8.52,1014350.0,7.49,-152035.0,-1.12,292315.0,2.16,-2184.0,0.812,0.813,236250000.0,192071250,192071250,2026-07-22,2026-07-22 16:11:51+08:00
520690,港股创新药ETF博时,0.737,0.7384,0.19,0.009,1.24,3614785.0,269202495.0,0.728,0.753,0.725,0.728,3.85,53.2,1.17,-28.96,1857478.0,1757307.0,-3610051.0,-1.34,-2088148.0,-0.78,-1521903.0,-0.57,1325514.0,0.49,2284537.0,0.85,-7422.0,0.736,0.737,679454000.0,500757598,500757598,2026-07-22,2026-07-22 16:11:35+08:00
563180,高股息ETF银华,1.141,1.1438,0.24,0.014,1.24,97553.0,10999705.0,1.123,1.141,1.118,1.127,2.04,8.68,1.42,3.31,56187.0,41366.0,-977689.0,-8.89,-1894479.0,-17.22,916790.0,8.33,-312126.0,-2.84,1289816.0,11.73,-454.0,1.141,1.142,112420000.0,128271220,128271220,2026-07-22,2026-07-22 16:11:45+08:00
516810,农业ETF华夏,0.733,0.7326,-0.05,0.009,1.24,1170863.0,85036017.0,0.718,0.734,0.718,0.724,2.21,22.24,0.93,4.53,620355.0,550508.0,1919277.0,2.26,3979567.0,4.68,-2060290.0,-2.42,-1553290.0,-1.83,-365987.0,-0.43,-1226.0,0.732,0.733,526478896.0,385909031,385909031,2026-07-22,2026-07-22 16:11:40+08:00
512180,MSCIA股ETF建信,1.726,1.7244,-0.09,0.021,1.23,334.0,57441.0,1.705,1.731,1.705,1.705,1.52,0.07,0.31,14.13,109.0,225.0,26411.0,45.98,0.0,0.0,26411.0,45.98,0.0,0.0,-26411.0,-45.98,-35.0,1.72,1.726,48048000.0,82930848,82930848,2026-07-22,2026-07-22 16:12:00+08:00
561960,央企回报ETF招商,1.232,1.2348,0.23,0.015,1.23,24012.0,2936059.0,1.219,1.232,1.215,1.217,1.4,4.11,0.63,15.03,14859.0,9153.0,668680.0,22.77,427007.0,14.54,241673.0,8.23,-621099.0,-21.15,-47582.0,-1.62,2.0,1.231,1.232,58385200.0,71930566,71930566,2026-07-22,2026-07-22 16:11:33+08:00
512820,银行ETF汇添富,1.404,1.4036,-0.03,0.017,1.23,707681.0,98262434.0,1.382,1.404,1.372,1.387,2.31,14.46,0.88,-41.18,385940.0,321741.0,5988958.0,6.09,8063989.0,8.21,-2075031.0,-2.11,-4156449.0,-4.23,-1832510.0,-1.86,-2933.0,1.403,1.404,489401904.0,687120273,687120273,2026-07-22,2026-07-22 16:11:53+08:00
512200,房地产ETF南方,1.158,1.1554,-0.23,0.014,1.22,973633.0,111713771.0,1.137,1.158,1.134,1.144,2.1,3.48,0.71,-20.09,550831.0,422802.0,-2327760.0,-2.08,4892299.0,4.38,-7220059.0,-6.46,-4312974.0,-3.86,6640734.0,5.94,-3850.0,1.157,1.158,2798097904.0,3240197373,3240197373,2026-07-22,2026-07-22 16:11:46+08:00
159301,公用事业ETF华夏,0.995,0.9963,0.13,0.012,1.22,183147.0,18056178.4,0.981,0.996,0.974,0.983,2.24,13.18,0.61,61.79,104543.0,78604.0,-1315690.0,-7.29,-1980631.0,-10.97,664941.0,3.68,-1281725.0,-7.1,2597416.0,14.39,-419.0,0.995,0.996,138958357.0,138263565,138263565,2026-07-22,2026-07-22 15:34:30+08:00
159316,港股通创新药ETF易方达,1.157,1.1519,-0.44,0.014,1.22,11926815.0,1389502799.8,1.137,1.18,1.135,1.143,3.94,21.79,0.77,-52.41,5825253.0,6101562.0,-1425968.0,-0.1,-17702784.0,-1.27,16276816.0,1.17,-1721264.0,-0.12,3147239.0,0.23,-30192.0,1.157,1.158,5472336128.0,6331492900,6331492900,2026-07-22,2026-07-22 15:34:33+08:00
561320,交运ETF国泰,0.915,0.9164,0.15,0.011,1.22,25650.0,2324987.0,0.906,0.915,0.899,0.904,1.77,4.47,1.65,-1.16,11033.0,14617.0,259088.0,11.14,474794.0,20.42,-215706.0,-9.28,-216992.0,-9.33,-42097.0,-1.81,-40.0,0.913,0.915,57369000.0,52492635,52492635,2026-07-22,2026-07-22 16:11:54+08:00
159831,金ETF嘉实,8.647,8.6323,-0.17,0.103,1.21,61879.0,53547502.9,8.614,8.692,8.612,8.544,0.94,3.07,1.56,-51.93,35055.0,26824.0,-2579564.0,-4.82,-1908550.0,-3.56,-671014.0,-1.25,-661885.0,-1.24,3241450.0,6.05,106.0,8.646,8.647,201356243.0,1741127433,1741127433,2026-07-22,2026-07-22 15:34:33+08:00
159719,国企ETF平安,1.595,1.5893,-0.36,0.019,1.21,25524.0,4049773.1,1.543,1.596,1.543,1.576,3.36,9.74,1.14,-31.94,10116.0,15408.0,85738.0,2.12,0.0,0.0,85738.0,2.12,215059.0,5.31,-300795.0,-7.43,-20.0,1.59,1.596,26195986.0,41782598,41782598,2026-07-22,2026-07-22 15:34:03+08:00
515290,银行ETF天弘,1.434,1.4354,0.1,0.017,1.2,371757.0,52708392.0,1.412,1.434,1.402,1.417,2.26,1.08,0.2,7.84,160160.0,211597.0,9084306.0,17.24,992034.0,1.88,8092272.0,15.35,-7378033.0,-14.0,-1706273.0,-3.24,-1017.0,1.434,1.435,3451972896.0,4950129133,4950129133,2026-07-22,2026-07-22 16:11:57+08:00
515150,一带一路ETF富国,1.514,1.5126,-0.09,0.018,1.2,23436.0,3540560.0,1.496,1.56,1.486,1.496,4.95,0.59,1.57,-2.14,8470.0,14966.0,171941.0,4.86,506340.0,14.3,-334399.0,-9.44,-29507.0,-0.83,-142433.0,-4.02,-13.0,1.51,1.514,398703200.0,603636645,603636645,2026-07-22,2026-07-22 16:11:44+08:00
159827,农业ETF银华,0.769,0.7684,-0.08,0.009,1.18,40231.0,3073306.8,0.762,0.77,0.753,0.76,2.24,4.43,1.01,-22.2,23000.0,17231.0,605034.0,19.69,927085.0,30.17,-322051.0,-10.48,-521180.0,-16.96,-83854.0,-2.73,26.0,0.767,0.769,90716463.0,69760960,69760960,2026-07-22,2026-07-22 15:34:27+08:00
512690,酒ETF鹏华,0.43,0.4303,0.07,0.005,1.18,27523362.0,1166547952.0,0.422,0.43,0.416,0.425,3.29,8.24,0.96,18.69,14130956.0,13392406.0,51543615.0,4.42,164906912.0,14.14,-113363297.0,-9.72,-55930131.0,-4.79,4386513.0,0.38,-384606.0,0.429,0.43,33409150208.0,14365934589,14365934589,2026-07-22,2026-07-22 16:11:38+08:00
159569,港股红利低波ETF景顺,1.378,1.3689,-0.66,0.016,1.17,382729.0,52323017.0,1.361,1.378,1.358,1.362,1.47,10.78,0.76,0.22,199650.0,183079.0,1348334.0,2.58,-1822859.0,-3.48,3171193.0,6.06,-1620839.0,-3.1,272506.0,0.52,-1560.0,1.378,1.379,355147248.0,489392908,489392908,2026-07-22,2026-07-22 15:34:27+08:00
159834,金ETF南方,8.94,8.9263,-0.15,0.103,1.17,165421.0,148256515.82,8.908,8.992,8.908,8.837,0.95,8.63,2.22,1.32,59472.0,105949.0,-908008.0,-0.61,16027602.0,10.81,-16935610.0,-11.42,1393586.0,0.94,-485576.0,-0.33,-47.0,8.94,8.942,191761376.0,1714346701,1714346701,2026-07-22,2026-07-22 15:34:54+08:00
561580,央企红利ETF华泰柏瑞,1.206,1.2084,0.2,0.014,1.17,1018498.0,121627977.0,1.184,1.207,1.181,1.192,2.18,4.58,0.95,-16.08,629319.0,389179.0,7745903.0,6.37,17121723.0,14.08,-9375820.0,-7.71,-5041065.0,-4.14,-2704837.0,-2.22,-2532.0,1.206,1.207,2223870704.0,2681988069,2681988069,2026-07-22,2026-07-22 16:12:00+08:00
561190,碳中和ETF富国,0.952,0.9526,0.06,0.011,1.17,36752.0,3488339.0,0.931,0.955,0.93,0.941,2.66,1.83,0.91,-3.36,19141.0,17611.0,83464.0,2.39,303012.0,8.69,-219548.0,-6.29,14375.0,0.41,-97840.0,-2.8,-10.0,0.95,0.952,200318000.0,190702736,190702736,2026-07-22,2026-07-22 16:11:43+08:00
159567,港股创新药ETF银华,0.698,0.6969,-0.16,0.008,1.16,26435729.0,1857774348.999,0.688,0.711,0.687,0.69,3.48,23.96,0.71,-44.98,13384665.0,13051064.0,6025856.0,0.32,63803424.0,3.43,-57777568.0,-3.11,-8859661.0,-0.48,2833815.0,0.15,-100270.0,0.698,0.699,11031729664.0,7700147305,7700147305,2026-07-22,2026-07-22 15:34:45+08:00
560190,公用事业ETF鹏华,1.046,1.0517,0.54,0.012,1.16,13588.0,1412051.0,1.026,1.052,1.026,1.034,2.51,7.21,0.78,10.34,7404.0,6184.0,224987.0,15.93,342440.0,24.25,-117453.0,-8.32,-43307.0,-3.07,-181680.0,-12.87,-220.0,1.045,1.047,18834000.0,19700364,19700364,2026-07-22,2026-07-22 16:11:49+08:00
510910,上证指数ETF南方,0.962,0.966,0.41,0.011,1.16,974119.0,93489162.0,0.946,0.967,0.944,0.951,2.42,29.72,1.05,-17.2,627101.0,347018.0,33541791.0,35.88,26074545.0,27.89,7467246.0,7.99,-23267946.0,-24.89,-10273844.0,-10.99,-3092.0,0.962,0.963,327796000.0,315339752,315339752,2026-07-22,2026-07-22 16:12:01+08:00
159266,港股央企红利ETF永赢,0.956,0.9548,-0.13,0.011,1.16,75060.0,7142538.3,0.946,0.956,0.945,0.945,1.16,2.11,0.66,16.47,35600.0,39460.0,364145.0,5.1,-161393.0,-2.26,525538.0,7.36,-95049.0,-1.33,-269096.0,-3.77,-103.0,0.956,0.958,355710096.0,340058852,340058852,2026-07-22,2026-07-22 15:34:57+08:00
530280,上证180ETF平安,1.218,1.2219,0.32,0.014,1.16,21977.0,2676232.0,1.204,1.23,1.204,1.204,2.16,7.34,4.86,20.6,6299.0,15678.0,204365.0,7.64,-1130110.0,-42.23,1334475.0,49.86,-138083.0,-5.16,-66281.0,-2.48,5.0,1.217,1.222,29934000.0,36459612,36459612,2026-07-22,2026-07-22 16:11:35+08:00
512620,农业ETF天弘,0.87,0.8673,-0.31,0.01,1.16,180420.0,15489235.0,0.855,0.87,0.848,0.86,2.56,1.3,1.23,-2.2,62576.0,117844.0,27871.0,0.18,-182206.0,-1.18,210077.0,1.36,87853.0,0.57,-115725.0,-0.75,-1.0,0.868,0.87,1388666000.0,1208139420,1208139420,2026-07-22,2026-07-22 16:11:58+08:00
513930,恒生生物科技ETF华泰柏瑞,0.967,0.9657,-0.13,0.011,1.15,1787678.0,174330700.0,0.956,0.985,0.954,0.956,3.24,182.59,1.08,-6.0,868513.0,919165.0,2248448.0,1.29,2596865.0,1.49,-348417.0,-0.2,-2111571.0,-1.21,-136877.0,-0.08,-13.0,0.965,0.967,97908000.0,94677036,94677036,2026-07-22,2026-07-22 16:11:45+08:00
159615,恒生生物科技ETF南方,1.052,1.0526,0.06,0.012,1.15,1833343.0,194466654.8,1.035,1.071,1.035,1.04,3.46,37.64,0.92,-26.69,893439.0,939904.0,5060197.0,2.6,-7292637.0,-3.75,12352834.0,6.35,-5447684.0,-2.8,387488.0,0.2,348.0,1.051,1.052,487054896.0,512381751,512381751,2026-07-22,2026-07-22 15:34:00+08:00
563900,300自由现金流ETF摩根,1.141,1.145,0.35,0.013,1.15,245310.0,27871480.0,1.129,1.146,1.124,1.128,1.95,4.79,1.06,16.61,133737.0,111573.0,740033.0,2.66,725085.0,2.6,14948.0,0.05,-362862.0,-1.3,-377171.0,-1.35,-1756.0,1.141,1.143,511965696.0,584152859,584152859,2026-07-22,2026-07-22 16:11:41+08:00
512800,银行ETF华宝,0.799,0.7997,0.09,0.009,1.14,11915198.0,942367315.0,0.789,0.799,0.781,0.79,2.28,7.46,0.69,-19.91,5816521.0,6098677.0,11941710.0,1.27,144257776.0,15.31,-132316066.0,-14.04,-11231070.0,-1.19,-710637.0,-0.08,-43641.0,0.798,0.799,15963279872.0,12754660618,12754660618,2026-07-22,2026-07-22 16:11:46+08:00
512750,基本面50ETF嘉实,1.421,1.4232,0.15,0.016,1.14,41822.0,5905246.0,1.395,1.421,1.392,1.405,2.06,8.81,1.32,10.1,23087.0,18735.0,657541.0,11.13,0.0,0.0,657541.0,11.13,-342241.0,-5.8,-315301.0,-5.34,-204.0,1.419,1.421,47454900.0,67433413,67433413,2026-07-22,2026-07-22 16:12:00+08:00
520660,港股通央企红利ETF南方,0.982,0.9795,-0.26,0.011,1.13,734977.0,71887240.0,0.971,0.982,0.97,0.971,1.24,2.97,1.11,2.93,352596.0,382381.0,-521632.0,-0.73,1992284.0,2.77,-2513916.0,-3.5,-441723.0,-0.61,963356.0,1.34,-392.0,0.98,0.982,2475485504.0,2430926765,2430926765,2026-07-22,2026-07-22 16:11:43+08:00
510630,消费ETF华夏,0.812,0.8102,-0.22,0.009,1.12,622160.0,49721450.0,0.799,0.812,0.791,0.803,2.62,11.2,0.94,-12.87,284456.0,337704.0,2677203.0,5.38,2839115.0,5.71,-161912.0,-0.33,-2396720.0,-4.82,-280483.0,-0.56,-2411.0,0.811,0.812,555361504.0,450953541,450953541,2026-07-22,2026-07-22 16:11:53+08:00
520900,港股通红利ETF广发,0.995,0.9946,-0.04,0.011,1.12,785044.0,77912456.0,0.986,0.997,0.985,0.984,1.22,4.93,0.76,-0.24,318318.0,466726.0,2273115.0,2.92,10836959.0,13.91,-8563844.0,-10.99,-1922072.0,-2.47,-351042.0,-0.45,-1738.0,0.994,0.995,1592675008.0,1584711633,1584711633,2026-07-22,2026-07-22 16:11:47+08:00
159297,港股通创新药ETF南方,0.731,0.7286,-0.33,0.008,1.11,6808082.0,502969534.649,0.727,0.748,0.722,0.723,3.6,18.5,1.15,-30.76,3799922.0,3008160.0,-26582562.0,-5.29,-38900373.0,-7.73,12317811.0,2.45,21485367.0,4.27,5097201.0,1.01,10773.0,0.73,0.731,3679418640.0,2689655026,2689655026,2026-07-22,2026-07-22 15:34:12+08:00
520880,港股通创新药ETF华宝,0.454,0.4554,0.31,0.005,1.11,13760652.0,629346253.0,0.447,0.462,0.446,0.449,3.56,26.68,0.74,-25.64,6940022.0,6820630.0,6951353.0,1.1,8478192.0,1.35,-1526839.0,-0.24,-2685481.0,-0.43,-4265869.0,-0.68,-22324.0,0.453,0.454,5157617920.0,2341558536,2341558536,2026-07-22,2026-07-22 16:11:51+08:00
512700,银行ETF南方,1.47,1.4727,0.18,0.016,1.1,788763.0,114837668.0,1.45,1.471,1.44,1.454,2.13,11.41,1.14,27.77,414075.0,374688.0,9230829.0,8.04,6074358.0,5.29,3156471.0,2.75,-8067822.0,-7.03,-1163007.0,-1.01,-287.0,1.469,1.47,691581008.0,1016624082,1016624082,2026-07-22,2026-07-22 16:11:56+08:00
159887,银行ETF富国,1.303,1.3023,-0.05,0.014,1.09,533427.0,68872463.6,1.285,1.304,1.275,1.289,2.25,7.64,0.64,39.9,295008.0,238419.0,7011982.0,10.18,3049864.0,4.43,3962118.0,5.75,-4432885.0,-6.44,-2579097.0,-3.74,-3134.0,1.303,1.304,698415952.0,910035985,910035985,2026-07-22,2026-07-22 15:34:45+08:00
515180,红利ETF易方达,1.396,1.3966,0.04,0.015,1.09,3246891.0,448392593.0,1.377,1.397,1.368,1.381,2.1,2.36,0.85,-43.91,1670164.0,1576727.0,44396507.0,9.9,69122863.0,15.42,-24726356.0,-5.51,-34753572.0,-7.75,-9642933.0,-2.15,-13323.0,1.395,1.396,13748636928.0,19193097151,19193097151,2026-07-22,2026-07-22 16:11:36+08:00
159286,港股通创新药ETF鹏华,0.745,0.7454,0.05,0.008,1.09,2481930.0,186562688.478,0.736,0.76,0.734,0.737,3.53,29.41,0.86,-55.98,1199651.0,1282279.0,4064139.0,2.18,2255.0,0.0,4061884.0,2.18,-4262764.0,-2.28,198627.0,0.11,3249.0,0.744,0.745,843785408.0,628620129,628620129,2026-07-22,2026-07-22 15:34:09+08:00
518880,黄金ETF华安,8.56,8.5654,0.06,0.092,1.09,6494273.0,5570743361.0,8.555,8.614,8.546,8.468,0.8,6.22,2.67,3.54,2899180.0,3595093.0,-393869952.0,-7.07,-347648048.0,-6.24,-46221904.0,-0.83,298017696.0,5.35,95852256.0,1.72,-40359.0,8.56,8.561,10446640896.0,89423246070,89423246070,2026-07-22,2026-07-22 16:11:35+08:00
159085,价值ETF永赢,1.019,1.0232,0.41,0.011,1.09,319565.0,32359539.728,0.998,1.019,0.998,1.008,2.08,21.51,0.41,-95.25,139824.0,179741.0,-419249.0,-1.3,5693760.0,17.6,-6113009.0,-18.89,-415919.0,-1.29,835168.0,2.58,5168.0,1.017,1.019,148535454.0,151357628,151357628,2026-07-22,2026-07-22 15:34:18+08:00
515060,房地产ETF华夏,0.554,0.5548,0.14,0.006,1.09,797407.0,43937491.0,0.545,0.555,0.543,0.548,2.19,8.26,0.93,-4.86,464076.0,333331.0,1720441.0,3.92,2836887.0,6.46,-1116446.0,-2.54,-1649681.0,-3.75,-70759.0,-0.16,-1950.0,0.554,0.555,965478096.0,534874865,534874865,2026-07-22,2026-07-22 16:11:50+08:00
510230,金融ETF国泰,1.312,1.3149,0.22,0.014,1.08,871913.0,113486508.0,1.298,1.313,1.277,1.298,2.77,13.82,0.86,-10.81,408742.0,463171.0,1152649.0,1.02,2633899.0,2.32,-1481250.0,-1.31,287125.0,0.25,-1439774.0,-1.27,-863.0,1.311,1.312,630808000.0,827620096,827620096,2026-07-22,2026-07-22 16:11:50+08:00
515110,一带一路ETF易方达,1.589,1.5898,0.05,0.017,1.08,80526.0,12787404.0,1.568,1.594,1.568,1.572,1.65,3.57,2.19,7.21,38159.0,42367.0,1141154.0,8.92,2700277.0,21.12,-1559123.0,-12.19,-1214470.0,-9.5,73315.0,0.57,-3.0,1.588,1.589,225295000.0,357993755,357993755,2026-07-22,2026-07-22 16:11:33+08:00
518850,黄金ETF华夏,8.639,8.6483,0.11,0.092,1.08,660500.0,571936507.0,8.646,8.695,8.63,8.547,0.76,3.86,1.92,-66.8,319433.0,341067.0,-101981925.0,-17.83,-7283564.0,-1.27,-94698361.0,-16.56,78347028.0,13.7,23634895.0,4.13,-2695.0,8.638,8.639,1713078704.0,14799286924,14799286924,2026-07-22,2026-07-22 16:11:35+08:00
562510,旅游ETF华夏,0.562,0.5605,-0.27,0.006,1.08,925628.0,51533372.0,0.552,0.562,0.549,0.556,2.34,8.44,1.06,10.39,527711.0,397917.0,2340728.0,4.54,4240216.0,8.23,-1899488.0,-3.69,-2273444.0,-4.41,-67284.0,-0.13,-5567.0,0.561,0.562,1096595008.0,616286394,616286394,2026-07-22,2026-07-22 16:11:53+08:00
159937,黄金ETF博时,8.537,8.5328,-0.05,0.09,1.07,890335.0,762003264.2,8.517,8.594,8.517,8.447,0.91,1.9,1.52,-1.43,421825.0,468510.0,-58202810.0,-7.64,35817814.0,4.7,-94020624.0,-12.34,23499192.0,3.08,34703616.0,4.55,-1032.0,8.537,8.538,4697321984.0,40101037777,40101037777,2026-07-22,2026-07-22 15:34:09+08:00
518660,黄金ETF工银,8.581,8.59,0.1,0.091,1.07,230727.0,198425219.0,8.56,8.634,8.56,8.49,0.87,2.47,1.42,-30.93,100998.0,129729.0,-33444174.0,-16.85,-6239988.0,-3.14,-27204186.0,-13.71,18027336.0,9.09,15416838.0,7.77,-784.0,8.58,8.581,933752704.0,8012531953,8012531953,2026-07-22,2026-07-22 16:11:46+08:00
518800,黄金ETF国泰,8.969,8.974,0.06,0.095,1.07,606075.0,544946456.0,8.95,9.028,8.95,8.874,0.88,1.69,1.4,-83.46,290161.0,315914.0,-34544902.0,-6.34,10540185.0,1.93,-45085087.0,-8.27,27009809.0,4.96,7535093.0,1.38,-1175.0,8.969,8.97,3586079200.0,32163544345,32163544345,2026-07-22,2026-07-22 16:12:00+08:00
518860,上海金ETF建信,8.574,8.5799,0.07,0.091,1.07,38799.0,33325868.0,8.543,8.625,8.543,8.483,0.97,0.82,1.24,7.57,19028.0,19771.0,478728.0,1.44,-1004320.0,-3.01,1483048.0,4.45,-182381.0,-0.55,-296346.0,-0.89,-79.0,8.569,8.574,472359808.0,4050012994,4050012994,2026-07-22,2026-07-22 16:11:47+08:00
515020,银行ETF华夏,1.707,1.7092,0.13,0.018,1.07,750762.0,126948391.0,1.682,1.707,1.672,1.689,2.07,16.38,0.89,-25.86,388511.0,362251.0,845469.0,0.67,-675346.0,-0.53,1520815.0,1.2,819575.0,0.65,-1665044.0,-1.31,-5268.0,1.707,1.708,458345296.0,782395420,782395420,2026-07-22,2026-07-22 16:11:57+08:00
561060,国企红利ETF华安,1.141,1.142,0.09,0.012,1.06,22805.0,2573645.0,1.129,1.141,1.119,1.129,1.95,4.03,1.19,12.41,18982.0,3823.0,-237439.0,-9.23,0.0,0.0,-237439.0,-9.23,327554.0,12.73,-90115.0,-3.5,-27.0,1.138,1.141,56565000.0,64540665,64540665,2026-07-22,2026-07-22 16:11:39+08:00
513310,中韩半导体ETF华泰柏瑞,5.042,4.6181,-9.18,0.053,1.06,44353053.0,23175875305.0,5.028,5.385,5.01,4.989,7.52,189.51,1.31,77.9,21353483.0,22999569.0,-516101648.0,-2.23,-275054608.0,-1.19,-241047040.0,-1.04,105754880.0,0.46,410346352.0,1.77,-187837.0,5.042,5.043,2340427008.0,11800432974,11800432974,2026-07-22,2026-07-22 16:11:40+08:00
159055,稀有金属ETF富国,0.864,0.8628,-0.14,0.009,1.05,98480.0,8538919.1,0.887,0.887,0.85,0.855,4.33,7.74,0.94,-12.08,47921.0,50559.0,-593262.0,-6.95,-860838.0,-10.08,267576.0,3.13,-36832.0,-0.43,630095.0,7.38,-119.0,0.864,0.872,127293952.0,109981975,109981975,2026-07-22,2026-07-22 15:34:06+08:00
515080,中证红利ETF招商,1.54,1.5409,0.06,0.016,1.05,2962980.0,451708485.0,1.52,1.54,1.511,1.524,1.9,3.66,0.88,1.17,1386564.0,1576416.0,51463284.0,11.39,46337009.0,10.26,5126275.0,1.13,-30451292.0,-6.74,-21011992.0,-4.65,-15025.0,1.539,1.54,8085148928.0,12451129349,12451129349,2026-07-22,2026-07-22 16:11:55+08:00
518680,金ETF富国,8.957,8.9625,0.06,0.093,1.05,180635.0,162126565.0,8.948,9.016,8.945,8.864,0.8,2.36,1.42,-66.99,90637.0,89998.0,-5546133.0,-3.42,18601760.0,11.47,-24147893.0,-14.89,-6461.0,0.0,5552594.0,3.42,-341.0,8.956,8.957,765769504.0,6858997447,6858997447,2026-07-22,2026-07-22 16:11:55+08:00
561790,央企能源ETF博时,1.254,1.2558,0.14,0.013,1.05,23323.0,2907813.0,1.238,1.256,1.235,1.241,1.69,4.1,1.42,46.77,7590.0,15733.0,1093693.0,37.61,0.0,0.0,1093693.0,37.61,-711734.0,-24.48,-381960.0,-13.14,-1604.0,1.254,1.256,56934000.0,71395236,71395236,2026-07-22,2026-07-22 16:11:49+08:00
518890,上海金ETF中银,8.568,8.5795,0.13,0.088,1.04,60773.0,52208292.0,8.595,8.625,8.552,8.48,0.86,1.54,1.96,14.84,32794.0,27979.0,-4363344.0,-8.36,442576.0,0.85,-4805920.0,-9.21,3823553.0,7.32,539792.0,1.03,-2.0,8.568,8.569,395354800.0,3387399926,3387399926,2026-07-22,2026-07-22 16:11:39+08:00
562850,央企能源ETF嘉实,1.269,1.2681,-0.07,0.013,1.04,147260.0,18526148.0,1.249,1.269,1.243,1.256,2.07,6.57,1.44,13.07,74796.0,72464.0,573152.0,3.09,1211803.0,6.54,-638651.0,-3.45,-619056.0,-3.34,45904.0,0.25,-68.0,1.268,1.269,223981500.0,284232524,284232524,2026-07-22,2026-07-22 16:11:52+08:00
159934,黄金ETF易方达,8.937,8.9298,-0.08,0.092,1.04,981847.0,879488872.764,8.916,8.997,8.916,8.845,0.92,2.59,1.54,-25.31,473871.0,507976.0,-100264111.0,-11.4,-5812159.0,-0.66,-94451952.0,-10.74,65594912.0,7.46,34669208.0,3.94,-2200.0,8.937,8.938,3786508992.0,33840030862,33840030862,2026-07-22,2026-07-22 15:34:21+08:00
517990,沪港深医药ETF招商,0.879,0.8828,0.43,0.009,1.03,35495.0,3139152.0,0.861,0.893,0.861,0.87,3.68,6.96,0.9,3.42,9577.0,25918.0,394662.0,12.57,0.0,0.0,394662.0,12.57,-210502.0,-6.71,-184159.0,-5.87,-172.0,0.879,0.882,50987900.0,44818364,44818364,2026-07-22,2026-07-22 16:11:55+08:00
518600,金ETF广发,8.911,8.9201,0.1,0.091,1.03,239248.0,213817078.0,8.93,8.97,8.9,8.82,0.79,3.28,1.69,-50.29,120691.0,118557.0,-19790556.0,-9.26,7089253.0,3.32,-26879809.0,-12.57,17678858.0,8.27,2111697.0,0.99,-779.0,8.91,8.911,729916304.0,6504284185,6504284185,2026-07-22,2026-07-22 16:11:38+08:00
515910,质量ETF中金,0.686,0.6854,-0.09,0.007,1.03,34011.0,2347918.0,0.674,0.695,0.674,0.679,3.09,1.46,0.84,10.12,14648.0,19363.0,82031.0,3.49,200199.0,8.53,-118168.0,-5.03,-91851.0,-3.91,9819.0,0.42,-47.0,0.684,0.686,233507000.0,160185802,160185802,2026-07-22,2026-07-22 16:11:56+08:00
513530,港股通红利ETF华泰柏瑞,1.566,1.5673,0.08,0.016,1.03,1548657.0,241703518.0,1.55,1.567,1.549,1.55,1.16,5.75,0.85,-6.47,846545.0,702112.0,10206382.0,4.22,649788.0,0.27,9556594.0,3.95,-5239414.0,-2.17,-4966968.0,-2.05,-5697.0,1.565,1.566,2693938704.0,4218708010,4218708010,2026-07-22,2026-07-22 16:11:59+08:00
516550,农业ETF嘉实,0.689,0.6892,0.03,0.007,1.03,118097.0,8071878.0,0.678,0.689,0.676,0.682,1.91,4.77,0.9,-7.82,54564.0,63533.0,563028.0,6.98,500268.0,6.2,62760.0,0.78,-542846.0,-6.73,-20183.0,-0.25,-1223.0,0.689,0.69,247414400.0,170468522,170468522,2026-07-22,2026-07-22 16:11:32+08:00
159691,港股红利ETF工银,1.194,1.1977,0.31,0.012,1.02,2120518.0,252543162.104,1.182,1.197,1.18,1.182,1.44,5.26,0.77,24.57,1111155.0,1009363.0,7622317.0,3.02,19739059.0,7.82,-12116742.0,-4.8,-6746041.0,-2.67,-876276.0,-0.35,2076.0,1.193,1.194,4033301392.0,4815761862,4815761862,2026-07-22,2026-07-22 15:34:27+08:00
510130,上证中盘ETF易方达,7.254,7.2633,0.13,0.071,0.99,815.0,589667.0,7.18,7.275,7.18,7.183,1.32,0.26,0.28,0.37,279.0,536.0,313716.0,53.2,0.0,0.0,313716.0,53.2,-268469.0,-45.53,-45246.0,-7.67,-2.0,7.233,7.254,31485100.0,228392915,228392915,2026-07-22,2026-07-22 16:11:45+08:00
159325,半导体ETF南方,2.355,2.351,-0.17,0.023,0.99,1432348.0,342616364.2,2.339,2.478,2.3,2.332,7.63,27.63,1.03,72.25,694003.0,738345.0,-4602755.0,-1.34,8655542.0,2.53,-13258297.0,-3.87,-7066215.0,-2.06,11668971.0,3.41,-4432.0,2.355,2.356,518460528.0,1220974543,1220974543,2026-07-22,2026-07-22 15:34:42+08:00
560930,电力ETF易方达,0.922,0.9196,-0.26,0.009,0.99,420367.0,38182169.0,0.9,0.922,0.895,0.913,2.96,15.23,1.17,4.4,227342.0,193025.0,-2128184.0,-5.57,-1690744.0,-4.43,-437440.0,-1.15,401127.0,1.05,1727057.0,4.52,-3835.0,0.922,0.923,276024000.0,254494128,254494128,2026-07-22,2026-07-22 16:11:47+08:00
513910,港股通央企红利ETF华夏,1.538,1.5317,-0.41,0.015,0.98,793452.0,121656419.0,1.523,1.538,1.518,1.523,1.31,3.81,0.64,-21.52,402804.0,390648.0,818349.0,0.67,1867983.0,1.54,-1049634.0,-0.86,-958407.0,-0.79,140057.0,0.12,-2790.0,1.536,1.538,2084276000.0,3205616488,3205616488,2026-07-22,2026-07-22 16:11:50+08:00
515550,中证500ETF国联,1.753,1.7529,-0.01,0.017,0.98,10037.0,1772764.0,1.745,1.785,1.745,1.736,2.3,5.79,1.69,-19.29,5423.0,4614.0,-542468.0,-30.6,-325223.0,-18.35,-217245.0,-12.25,342224.0,19.3,200244.0,11.3,-185.0,1.75,1.753,17345700.0,30407012,30407012,2026-07-22,2026-07-22 16:11:35+08:00
510990,180ESGETF工银,1.043,1.0443,0.12,0.01,0.97,47163.0,4907079.0,1.031,1.047,1.031,1.033,1.55,12.11,1.25,-2.54,22894.0,24269.0,-256308.0,-5.22,0.0,0.0,-256308.0,-5.22,236130.0,4.81,20178.0,0.41,7.0,1.04,1.044,38948600.0,40623390,40623390,2026-07-22,2026-07-22 16:11:55+08:00
560700,央企红利ETF广发,1.155,1.1586,0.31,0.011,0.96,126265.0,14501807.0,1.144,1.157,1.142,1.144,1.31,2.92,0.45,16.64,66422.0,59843.0,1863817.0,12.85,580966.0,4.01,1282851.0,8.85,-1489219.0,-10.27,-374598.0,-2.58,-339.0,1.154,1.155,433036896.0,500157615,500157615,2026-07-22,2026-07-22 16:12:00+08:00
159892,恒生医药ETF华夏,0.734,0.7345,0.07,0.007,0.96,13240077.0,979580411.4,0.722,0.748,0.72,0.727,3.85,19.96,0.83,-38.59,6682510.0,6557567.0,-19561296.0,-2.0,-5119552.0,-0.52,-14441744.0,-1.47,5587220.0,0.57,13974075.0,1.43,-26977.0,0.734,0.735,6634266112.0,4869551326,4869551326,2026-07-22,2026-07-22 15:34:30+08:00
561800,稀有金属ETF华富,0.95,0.9516,0.17,0.009,0.96,234910.0,22496591.0,0.938,0.967,0.938,0.941,3.08,11.26,1.11,4.05,115224.0,119686.0,297426.0,1.32,3239208.0,14.4,-2941782.0,-13.08,-535250.0,-2.38,237825.0,1.06,-713.0,0.949,0.95,208577200.0,198148340,198148340,2026-07-22,2026-07-22 16:11:48+08:00
159689,消费ETF南方,0.638,0.6353,-0.42,0.006,0.95,23319.0,1466179.2,0.629,0.638,0.622,0.632,2.53,2.77,0.3,90.3,11756.0,11563.0,129916.0,8.86,0.0,0.0,129916.0,8.86,-180676.0,-12.32,50760.0,3.46,-594.0,0.638,0.64,84147787.0,53686288,53686288,2026-07-22,2026-07-22 15:34:45+08:00
510040,上证180ETF鹏华,1.181,1.1825,0.13,0.011,0.94,58612.0,6927297.0,1.17,1.186,1.17,1.17,1.37,17.0,1.37,0.51,31333.0,27279.0,132982.0,1.92,0.0,0.0,132982.0,1.92,-104757.0,-1.51,-28224.0,-0.41,55.0,1.178,1.182,34480000.0,40720880,40720880,2026-07-22,2026-07-22 16:11:58+08:00
513120,港股创新药ETF广发,1.188,1.1887,0.06,0.011,0.93,80227657.0,9619189542.0,1.171,1.216,1.17,1.177,3.91,34.74,0.83,-31.04,40401439.0,39826218.0,-71635040.0,-0.74,2612224.0,0.03,-74247264.0,-0.77,26540480.0,0.28,45094496.0,0.47,-223233.0,1.188,1.189,23094635520.0,27436426998,27436426998,2026-07-22,2026-07-22 16:11:46+08:00
159391,大盘价值ETF博时,1.087,1.0868,-0.02,0.01,0.93,22348.0,2421968.3,1.067,1.087,1.064,1.077,2.14,2.45,0.98,2.17,15179.0,7169.0,153745.0,6.35,602404.0,24.87,-448659.0,-18.52,-115349.0,-4.76,-38396.0,-1.59,-1.0,1.087,1.088,91076398.0,99000045,99000045,2026-07-22,2026-07-22 15:34:15+08:00
159045,稀有金属ETF大成,0.757,0.7562,-0.11,0.007,0.93,80394.0,6117436.392,0.744,0.768,0.735,0.75,4.4,4.48,0.9,-55.73,36276.0,44118.0,-170567.0,-2.79,0.0,0.0,-170567.0,-2.79,136730.0,2.24,33837.0,0.55,-200.0,0.757,0.758,179330213.0,135752971,135752971,2026-07-22,2026-07-22 15:34:03+08:00
159130,恒生生物科技ETF鹏华,0.869,0.8691,0.01,0.008,0.93,215390.0,18896665.9,0.863,0.887,0.863,0.861,2.79,9.47,0.72,-22.96,106450.0,108940.0,-127479.0,-0.67,-128327.0,-0.68,848.0,0.0,203451.0,1.08,-75971.0,-0.4,-719.0,0.868,0.871,227389466.0,197601446,197601446,2026-07-22,2026-07-22 15:34:45+08:00
512730,银行ETF鹏华,1.636,1.6398,0.23,0.015,0.93,66772.0,10803336.0,1.608,1.638,1.603,1.621,2.16,9.53,0.9,34.45,28833.0,37939.0,-286406.0,-2.65,453617.0,4.2,-740023.0,-6.85,731868.0,6.77,-445463.0,-4.12,-315.0,1.635,1.636,70083900.0,114657260,114657260,2026-07-22,2026-07-22 16:11:52+08:00
159021,大盘价值ETF华夏,0.988,0.9908,0.28,0.009,0.92,65394.0,6427934.483,0.969,0.99,0.967,0.979,2.35,3.83,0.82,-38.35,39113.0,26281.0,508398.0,7.91,0.0,0.0,508398.0,7.91,-256983.0,-4.0,-251415.0,-3.91,-250.0,0.987,0.99,170907712.0,168856819,168856819,2026-07-22,2026-07-22 15:34:57+08:00
510060,央企ETF工银,2.625,2.6322,0.27,0.024,0.92,4963.0,1289878.0,2.601,2.625,2.582,2.601,1.65,1.38,0.78,39.21,2873.0,2090.0,354084.0,27.45,0.0,0.0,354084.0,27.45,-221560.0,-17.18,-132524.0,-10.27,-23.0,2.625,2.626,35959200.0,94392900,94392900,2026-07-22,2026-07-22 16:11:36+08:00
530050,上证50ETF东财,1.206,1.2097,0.31,0.011,0.92,81747.0,9842035.0,1.182,1.216,1.182,1.195,2.85,5.72,1.15,8.01,42155.0,39592.0,2297737.0,23.35,2502901.0,25.43,-205164.0,-2.08,-1296348.0,-13.17,-1001390.0,-10.17,-352.0,1.206,1.208,142813000.0,172232478,172232478,2026-07-22,2026-07-22 16:11:52+08:00
159502,标普生物科技ETF嘉实,1.542,1.5502,0.53,0.014,0.92,1394916.0,215747787.1,1.55,1.554,1.537,1.528,1.11,12.37,0.62,14.01,642526.0,752390.0,11733773.0,5.44,13695517.0,6.35,-1961744.0,-0.91,-12540864.0,-5.81,807091.0,0.37,12337.0,1.541,1.542,1127323024.0,1738332103,1738332103,2026-07-22,2026-07-22 15:34:06+08:00
512640,金融地产ETF嘉实,2.336,2.3418,0.25,0.021,0.91,18319.0,4246704.0,2.325,2.337,2.298,2.315,1.68,7.4,0.96,0.25,9209.0,9110.0,-158223.0,-3.73,0.0,0.0,-158223.0,-3.73,141628.0,3.34,16596.0,0.39,1.0,2.335,2.338,24740900.0,57794742,57794742,2026-07-22,2026-07-22 16:11:51+08:00
159766,旅游ETF富国,0.553,0.5519,-0.2,0.005,0.91,2858773.0,156557638.23,0.546,0.553,0.541,0.548,2.19,5.14,0.92,-7.13,1646818.0,1211955.0,1757676.0,1.12,10176047.0,6.5,-8418371.0,-5.38,-4380903.0,-2.8,2623227.0,1.68,-35879.0,0.553,0.554,5565140992.0,3077522969,3077522969,2026-07-22,2026-07-22 15:34:30+08:00
159998,计算机ETF天弘,1.013,1.0118,-0.12,0.009,0.9,1691197.0,172283464.3,0.998,1.034,0.992,1.004,4.18,10.53,0.88,-27.46,933512.0,757685.0,7312624.0,4.24,8308517.0,4.82,-995893.0,-0.58,-1734488.0,-1.01,-5578137.0,-3.24,2849.0,1.012,1.013,1605455360.0,1626326280,1626326280,2026-07-22,2026-07-22 15:34:03+08:00
159608,稀有金属ETF广发,1.015,1.0138,-0.12,0.009,0.89,1147435.0,116882015.475,1.0,1.031,1.0,1.006,3.08,3.58,1.04,-21.73,450902.0,696533.0,-6851717.0,-5.86,10858576.0,9.29,-17710293.0,-15.15,3137045.0,2.68,3714671.0,3.18,-3126.0,1.015,1.016,3200810064.0,3248822215,3248822215,2026-07-22,2026-07-22 15:34:06+08:00
520700,港股通创新药ETF万家,1.475,1.4763,0.09,0.013,0.89,3882322.0,579942305.0,1.451,1.512,1.451,1.462,4.17,81.38,0.95,-50.2,1916083.0,1966239.0,-5256538.0,-0.91,-7145498.0,-1.23,1888960.0,0.33,2811842.0,0.48,2444690.0,0.42,-4369.0,1.474,1.475,477076000.0,703687100,703687100,2026-07-22,2026-07-22 16:11:54+08:00
517180,中国国企ETF南方,1.491,1.493,0.13,0.013,0.88,103399.0,15277436.0,1.478,1.492,1.465,1.478,1.83,9.36,1.36,-9.04,37264.0,66135.0,-94808.0,-0.62,651207.0,4.26,-746015.0,-4.88,282715.0,1.85,-187908.0,-1.23,-46.0,1.491,1.492,110496300.0,164749983,164749983,2026-07-22,2026-07-22 16:11:34+08:00
159169,恒生生物科技ETF广发,0.921,0.9215,0.05,0.008,0.88,500560.0,46493964.263,0.913,0.938,0.904,0.913,3.72,28.3,0.98,-5.35,248259.0,252301.0,1965774.0,4.23,969663.0,2.09,996111.0,2.14,-1556468.0,-3.35,-409306.0,-0.88,100.0,0.919,0.921,176874485.0,162901401,162901401,2026-07-22,2026-07-22 15:34:03+08:00
159830,金ETF天弘,8.924,8.9242,0.0,0.078,0.88,31280.0,27990628.9,8.903,8.988,8.903,8.846,0.96,0.86,1.0,-22.04,19069.0,12211.0,-1182545.0,-4.22,0.0,0.0,-1182545.0,-4.22,1074158.0,3.84,108387.0,0.39,60.0,8.922,8.924,365314064.0,3260062707,3260062707,2026-07-22,2026-07-22 15:34:51+08:00
513280,恒生生物科技ETF汇添富,1.037,1.0378,0.08,0.009,0.88,1385055.0,144963166.0,1.019,1.057,1.019,1.028,3.7,35.14,0.94,-5.78,687494.0,697561.0,2238113.0,1.54,-873521.0,-0.6,3111634.0,2.15,-2361223.0,-1.63,123110.0,0.08,-1091.0,1.036,1.037,394114496.0,408696732,408696732,2026-07-22,2026-07-22 16:12:00+08:00
159136,A50ETF广发,1.042,1.0371,-0.47,0.009,0.87,52461.0,5455627.84,1.033,1.047,1.033,1.033,1.36,4.67,1.28,24.64,33797.0,18664.0,-153920.0,-2.82,1320023.0,24.2,-1473943.0,-27.02,212820.0,3.9,-58900.0,-1.08,2.0,1.038,1.042,112414074.0,117135465,117135465,2026-07-22,2026-07-22 15:34:00+08:00
159331,红利港股ETF国泰,1.271,1.2729,0.15,0.011,0.87,95356.0,12090282.965,1.257,1.271,1.257,1.26,1.11,6.24,1.12,-51.65,53213.0,42143.0,159910.0,1.32,2336502.0,19.33,-2176592.0,-18.0,232776.0,1.93,-392687.0,-3.25,381.0,1.27,1.271,152694179.0,194074302,194074302,2026-07-22,2026-07-22 15:34:30+08:00
159581,红利ETF万家,1.044,1.0455,0.14,0.009,0.87,298307.0,30887797.0,1.029,1.044,1.025,1.035,1.84,2.14,0.58,-27.1,138043.0,160264.0,2085498.0,6.75,2240464.0,7.25,-154966.0,-0.5,-1734845.0,-5.62,-350654.0,-1.14,621.0,1.043,1.044,1392225712.0,1453483643,1453483643,2026-07-22,2026-07-22 15:34:51+08:00
561870,现金流全指ETF华富,1.16,1.1567,-0.29,0.01,0.87,17718.0,2038252.0,1.147,1.16,1.144,1.15,1.39,1.63,0.58,7.92,7844.0,9874.0,-75773.0,-3.72,0.0,0.0,-75773.0,-3.72,79826.0,3.92,-4053.0,-0.2,-562.0,1.156,1.16,108765000.0,126167400,126167400,2026-07-22,2026-07-22 16:11:33+08:00
513780,港股创新药ETF景顺,1.533,1.5328,-0.01,0.013,0.86,5255708.0,815140190.0,1.512,1.574,1.512,1.52,4.08,29.47,0.99,-48.22,2686979.0,2568729.0,-27170659.0,-3.33,-28722643.0,-3.52,1551984.0,0.19,20818880.0,2.55,6351770.0,0.78,-5789.0,1.533,1.534,1783157008.0,2733579693,2733579693,2026-07-22,2026-07-22 16:11:44+08:00
513830,港股通高股息ETF嘉实,1.175,1.1765,0.13,0.01,0.86,14537.0,1703416.0,1.17,1.176,1.166,1.165,0.86,2.63,0.58,24.95,9008.0,5529.0,125318.0,7.36,0.0,0.0,125318.0,7.36,-246902.0,-14.49,121584.0,7.14,-19.0,1.176,1.177,55311000.0,64990425,64990425,2026-07-22,2026-07-22 16:11:59+08:00
562380,央企科技ETF银华,1.285,1.2877,0.21,0.011,0.86,93116.0,12062583.0,1.263,1.322,1.225,1.274,7.61,11.07,0.73,1.42,45994.0,47122.0,1351199.0,11.2,1386908.0,11.5,-35709.0,-0.3,-895432.0,-7.42,-455766.0,-3.78,-20.0,1.284,1.285,84128900.0,108105637,108105637,2026-07-22,2026-07-22 16:11:40+08:00
159302,港股高股息ETF银华,1.292,1.2936,0.12,0.011,0.86,17919.0,2307693.0,1.276,1.292,1.276,1.281,1.25,3.1,0.32,-67.95,10243.0,7676.0,60343.0,2.61,0.0,0.0,60343.0,2.61,46886.0,2.03,-107228.0,-4.65,75.0,1.291,1.292,57797609.0,74674511,74674511,2026-07-22,2026-07-22 15:34:15+08:00
510270,国企ETF中银,1.525,1.5298,0.31,0.013,0.86,15468.0,2353085.0,1.508,1.527,1.508,1.512,1.26,8.67,0.73,5.5,9189.0,6279.0,445620.0,18.94,0.0,0.0,445620.0,18.94,-218692.0,-9.29,-226928.0,-9.64,1.0,1.523,1.525,17832100.0,27193953,27193953,2026-07-22,2026-07-22 16:11:56+08:00
159589,红利ETF广发,1.074,1.073,-0.09,0.009,0.85,255085.0,27108037.6,1.055,1.074,1.05,1.065,2.25,10.02,1.81,8.22,108845.0,146240.0,-3724756.0,-13.74,-265277.0,-0.98,-3459479.0,-12.76,3852618.0,14.21,-127863.0,-0.47,569.0,1.073,1.074,254590005.0,273429665,273429665,2026-07-22,2026-07-22 15:34:57+08:00
562990,碳中和ETF易方达,0.953,0.952,-0.11,0.008,0.85,68655.0,6516814.0,0.945,0.954,0.944,0.945,1.06,1.77,0.99,-0.23,25721.0,42934.0,777925.0,11.94,-363777.0,-5.58,1141702.0,17.52,-647262.0,-9.93,-130664.0,-2.01,-21.0,0.951,0.953,387756000.0,369531468,369531468,2026-07-22,2026-07-22 16:11:33+08:00
159662,交运ETF南方,0.959,0.9584,-0.06,0.008,0.84,84323.0,8011596.5,0.951,0.959,0.942,0.951,1.79,9.91,1.33,85.33,37985.0,46338.0,-194899.0,-2.43,-1269252.0,-15.84,1074353.0,13.41,199262.0,2.49,-4362.0,-0.05,-138.0,0.959,0.96,85113946.0,81624274,81624274,2026-07-22,2026-07-22 15:34:09+08:00
530180,上证180ETF易方达,1.206,1.2071,0.09,0.01,0.84,84406.0,10177990.0,1.186,1.21,1.186,1.196,2.01,12.07,1.27,9.96,43086.0,41320.0,131798.0,1.29,362100.0,3.56,-230302.0,-2.26,6853.0,0.07,-138651.0,-1.36,-1658.0,1.203,1.206,69952000.0,84362112,84362112,2026-07-22,2026-07-22 16:11:44+08:00
159053,稀有金属ETF华夏,0.849,0.8477,-0.15,0.007,0.83,199407.0,17035562.6,0.842,0.862,0.834,0.842,3.33,12.53,0.95,48.61,104706.0,94701.0,-373442.0,-2.19,-370588.0,-2.18,-2854.0,-0.02,-52961.0,-0.31,426403.0,2.5,-37.0,0.849,0.85,159198132.0,135159214,135159214,2026-07-22,2026-07-22 15:34:06+08:00
513820,港股通红利ETF汇添富,1.219,1.2221,0.25,0.01,0.83,955161.0,116139212.0,1.209,1.22,1.207,1.209,1.08,5.18,1.31,-4.55,510462.0,444699.0,11604372.0,9.99,2268725.0,1.95,9335647.0,8.04,-11270993.0,-9.7,-333381.0,-0.29,-834.0,1.219,1.22,1845669008.0,2249870521,2249870521,2026-07-22,2026-07-22 16:11:52+08:00
517660,物联网ETF天弘,1.336,1.3387,0.2,0.011,0.83,30559.0,4130744.0,1.335,1.368,1.328,1.325,3.02,7.03,1.16,0.18,17119.0,13440.0,302441.0,7.32,0.0,0.0,302441.0,7.32,-303203.0,-7.34,761.0,0.02,6.0,1.333,1.339,43480700.0,58090215,58090215,2026-07-22,2026-07-22 16:11:43+08:00
159776,港股医药ETF银华,1.113,1.1108,-0.2,0.009,0.82,918783.0,103018386.5,1.102,1.133,1.099,1.104,3.08,109.42,1.19,-73.95,464242.0,454541.0,-2532099.0,-2.46,705871.0,0.69,-3237970.0,-3.14,-215302.0,-0.21,2747402.0,2.67,266.0,1.111,1.113,83968765.0,93457235,93457235,2026-07-22,2026-07-22 15:34:00+08:00
560310,光伏ETF博时,0.742,0.7402,-0.24,0.006,0.82,28728.0,2133842.0,0.721,0.75,0.721,0.736,3.94,1.58,1.39,32.06,11892.0,16836.0,318295.0,14.92,223735.0,10.49,94560.0,4.43,-284764.0,-13.35,-33532.0,-1.57,-2692.0,0.74,0.742,182122000.0,135134524,135134524,2026-07-22,2026-07-22 16:11:55+08:00
510710,上证50ETF博时,4.404,4.4044,0.01,0.036,0.82,62936.0,27776783.0,4.302,4.436,4.302,4.368,3.07,5.8,1.32,2.54,36780.0,26156.0,3168413.0,11.41,1586902.0,5.71,1581511.0,5.69,-3168703.0,-11.41,290.0,0.0,-465.0,4.395,4.404,108518900.0,477917236,477917236,2026-07-22,2026-07-22 16:11:48+08:00
159812,黄金ETF前海开源,8.509,8.5193,0.12,0.069,0.82,20914.0,17859028.0,8.547,8.577,8.49,8.44,1.03,1.23,1.13,2.95,12279.0,8635.0,-1551464.0,-8.69,0.0,0.0,-1551464.0,-8.69,1308941.0,7.33,242523.0,1.36,-114.0,8.509,8.516,169513149.0,1442387385,1442387385,2026-07-22,2026-07-22 15:34:48+08:00
563580,自由现金流800ETF万家,1.104,1.1063,0.21,0.009,0.82,70569.0,7724242.0,1.067,1.106,1.067,1.095,3.56,2.76,0.9,-0.43,32811.0,37758.0,947378.0,12.26,610310.0,7.9,337068.0,4.36,-709619.0,-9.19,-237759.0,-3.08,-1898.0,1.104,1.106,255648000.0,282235392,282235392,2026-07-22,2026-07-22 16:11:52+08:00
159105,恒生生物科技ETF易方达,0.866,0.8665,0.06,0.007,0.81,2253611.0,196900809.5,0.857,0.884,0.854,0.859,3.49,101.39,0.88,5.77,1138305.0,1115306.0,-101280.0,-0.05,-932409.0,-0.47,831129.0,0.42,180987.0,0.09,-79706.0,-0.04,748.0,0.865,0.866,222272984.0,192488404,192488404,2026-07-22,2026-07-22 15:34:27+08:00
159303,恒生医疗ETF大成,1.501,1.5024,0.09,0.012,0.81,1638165.0,247756476.2,1.487,1.528,1.482,1.489,3.09,192.74,1.16,-65.79,818164.0,820001.0,-4345057.0,-1.75,752500.0,0.3,-5097557.0,-2.06,-4725226.0,-1.91,9070282.0,3.66,964.0,1.499,1.501,84991693.0,127572531,127572531,2026-07-22,2026-07-22 15:34:21+08:00
159263,价值ETF易方达,1.134,1.1324,-0.14,0.009,0.8,2624695.0,295734836.9,1.12,1.134,1.113,1.125,1.87,4.56,0.95,72.42,1656728.0,967967.0,-1355962.0,-0.46,-25883728.0,-8.75,24527766.0,8.29,1911352.0,0.65,-555390.0,-0.19,-11693.0,1.134,1.135,5757105152.0,6528557242,6528557242,2026-07-22,2026-07-22 15:34:42+08:00
516230,光伏ETF招商,0.753,0.7513,-0.23,0.006,0.8,114741.0,8636431.0,0.747,0.762,0.745,0.747,2.28,1.57,1.58,-21.45,35027.0,79714.0,130539.0,1.51,-147645.0,-1.71,278184.0,3.22,-214310.0,-2.48,83770.0,0.97,6.0,0.754,0.755,728921008.0,548877519,548877519,2026-07-22,2026-07-22 16:11:47+08:00
560070,央企红利ETF汇添富,1.134,1.1379,0.34,0.009,0.8,27887.0,3143510.0,1.123,1.136,1.119,1.125,1.51,3.25,0.61,2.61,16954.0,10933.0,363314.0,11.56,-162557.0,-5.17,525871.0,16.73,-326185.0,-10.38,-37128.0,-1.18,-51.0,1.134,1.136,85862300.0,97367848,97367848,2026-07-22,2026-07-22 16:11:55+08:00
159201,自由现金流ETF华夏,1.154,1.1527,-0.11,0.009,0.79,4086983.0,468825193.788,1.144,1.155,1.135,1.145,1.75,2.88,0.7,8.16,2540893.0,1546090.0,-14553211.0,-3.1,-27093297.0,-5.78,12540086.0,2.67,9789296.0,2.09,4763915.0,1.02,15602.0,1.153,1.154,14189275904.0,16374424393,16374424393,2026-07-22,2026-07-22 15:34:03+08:00
159020,养殖ETF易方达,0.892,0.8901,-0.21,0.007,0.79,119074.0,10537895.8,0.873,0.894,0.873,0.885,2.37,8.35,0.62,32.64,60510.0,58564.0,516331.0,4.9,662637.0,6.29,-146306.0,-1.39,-188226.0,-1.79,-328105.0,-3.11,-1571.0,0.892,0.893,142567082.0,127169837,127169837,2026-07-22,2026-07-22 15:34:06+08:00
560670,银行ETF华泰柏瑞,1.022,1.0247,0.26,0.008,0.79,159239.0,16070243.0,1.013,1.023,0.997,1.014,2.56,25.49,0.95,5.7,79421.0,79818.0,626590.0,3.9,-322240.0,-2.01,948830.0,5.9,-438938.0,-2.73,-187651.0,-1.17,-1.0,1.022,1.023,62474000.0,63848428,63848428,2026-07-22,2026-07-22 16:11:52+08:00
159355,800红利低波ETF华宝,1.04,1.0404,0.04,0.008,0.78,48417.0,4999340.63,1.031,1.04,1.023,1.032,1.65,4.88,1.84,-4.76,16575.0,31842.0,387630.0,7.75,1248903.0,24.98,-861273.0,-17.23,-230500.0,-4.61,-157130.0,-3.14,1321.0,1.039,1.041,99234277.0,103203648,103203648,2026-07-22,2026-07-22 15:34:51+08:00
520760,恒生生物科技ETF摩根,0.9,0.902,0.22,0.007,0.78,1305132.0,118911766.0,0.895,0.919,0.893,0.893,2.91,67.81,1.24,-15.9,633354.0,671778.0,1083512.0,0.91,-4954438.0,-4.17,6037950.0,5.08,-1024572.0,-0.86,-58941.0,-0.05,-103.0,0.9,0.902,192466000.0,173219400,173219400,2026-07-22,2026-07-22 16:12:01+08:00
159062,稀有金属ETF南方,0.774,0.7749,0.12,0.006,0.78,134117.0,10431988.536,0.768,0.789,0.753,0.768,4.69,11.35,0.8,25.71,66452.0,67665.0,-306217.0,-2.94,-309461.0,-2.97,3244.0,0.03,77569.0,0.74,228648.0,2.19,-1700.0,0.774,0.775,118201256.0,91487772,91487772,2026-07-22,2026-07-22 15:34:12+08:00
515370,光伏ETF华夏,0.778,0.7778,-0.03,0.006,0.78,361795.0,28163641.0,0.77,0.789,0.757,0.772,4.15,3.74,1.53,-1.83,162307.0,199488.0,-1403678.0,-4.98,2435694.0,8.65,-3839372.0,-13.63,513669.0,1.82,890009.0,3.16,-1005.0,0.778,0.779,967713008.0,752880720,752880720,2026-07-22,2026-07-22 16:11:36+08:00
159217,港股通创新药ETF工银,1.171,1.169,-0.17,0.009,0.77,8027834.0,950129375.744,1.158,1.198,1.157,1.162,3.53,13.63,0.68,-27.79,4008230.0,4019604.0,10572586.0,1.11,-44859014.0,-4.72,55431600.0,5.83,-11720313.0,-1.23,1147716.0,0.12,-13814.0,1.171,1.172,5888157696.0,6895032662,6895032662,2026-07-22,2026-07-22 15:34:33+08:00
562300,碳中和ETF银华,0.662,0.6646,0.39,0.005,0.76,36188.0,2401170.0,0.656,0.667,0.652,0.657,2.28,6.19,2.36,32.51,26464.0,9724.0,191180.0,7.96,-171395.0,-7.14,362575.0,15.1,-200794.0,-8.36,9614.0,0.4,-1000.0,0.662,0.663,58495000.0,38723690,38723690,2026-07-22,2026-07-22 16:11:34+08:00
159127,港股通红利ETF南方,0.937,0.9401,0.33,0.007,0.75,180561.0,16888435.9,0.929,0.938,0.928,0.93,1.08,9.88,1.43,-10.31,109443.0,71118.0,-29738.0,-0.18,429575.0,2.54,-459313.0,-2.72,-155325.0,-0.92,185063.0,1.1,-2409.0,0.937,0.938,182844268.0,171325079,171325079,2026-07-22,2026-07-22 15:34:24+08:00
159864,光伏ETF国泰,0.537,0.5365,-0.09,0.004,0.75,264431.0,14246558.5,0.532,0.545,0.53,0.533,2.81,4.14,0.68,45.98,100090.0,164341.0,327658.0,2.3,1735149.0,12.18,-1407491.0,-9.88,-358892.0,-2.52,31234.0,0.22,75.0,0.536,0.537,638526832.0,342888909,342888909,2026-07-22,2026-07-22 15:34:36+08:00
513060,恒生医疗ETF博时,0.54,0.5408,0.15,0.004,0.75,16577139.0,900998868.0,0.533,0.549,0.532,0.536,3.17,15.34,0.8,-15.2,8485520.0,8091619.0,8715845.0,0.97,10580480.0,1.17,-1864635.0,-0.21,-4972960.0,-0.55,-3742882.0,-0.42,-21209.0,0.539,0.54,10805393408.0,5834912440,5834912440,2026-07-22,2026-07-22 16:11:33+08:00
512410,银行ETF广发,1.068,1.0677,-0.03,0.008,0.75,182755.0,19309608.0,1.043,1.069,1.04,1.06,2.74,23.99,0.6,20.74,95267.0,87488.0,253949.0,1.32,-1545421.0,-8.0,1799370.0,9.32,109049.0,0.56,-362998.0,-1.88,-1881.0,1.067,1.068,76171700.0,81351376,81351376,2026-07-22,2026-07-22 16:11:37+08:00
562970,光伏ETF易方达,0.952,0.9514,-0.06,0.007,0.74,159662.0,15249687.0,0.94,0.965,0.94,0.945,2.65,4.54,0.82,-4.04,71936.0,87726.0,215567.0,1.41,2085712.0,13.68,-1870145.0,-12.26,-257694.0,-1.69,42126.0,0.28,-785.0,0.952,0.953,351448000.0,334578496,334578496,2026-07-22,2026-07-22 16:11:37+08:00
159277,港股通红利ETF富国,0.968,0.9699,0.2,0.007,0.73,37269.0,3598535.836,0.956,0.968,0.956,0.961,1.25,9.42,0.68,-17.7,19339.0,17930.0,36860.0,1.02,0.0,0.0,36860.0,1.02,6151.0,0.17,-43011.0,-1.2,-126.0,0.965,0.968,39557011.0,38291187,38291187,2026-07-22,2026-07-22 15:34:03+08:00
520970,港股通创新药ETF嘉实,0.823,0.8251,0.25,0.006,0.73,1944471.0,162007941.0,0.81,0.843,0.809,0.817,4.16,15.0,0.94,-29.99,958462.0,986009.0,-384220.0,-0.24,50425.0,0.03,-434645.0,-0.27,-411803.0,-0.25,796023.0,0.49,-2341.0,0.823,0.824,1296358000.0,1066902634,1066902634,2026-07-22,2026-07-22 16:11:38+08:00
159671,稀有金属ETF工银,1.24,1.2406,0.05,0.009,0.73,520627.0,64876554.252,1.225,1.261,1.217,1.231,3.57,5.72,0.98,13.17,209042.0,311585.0,3755300.0,5.79,8152218.0,12.57,-4396918.0,-6.78,412586.0,0.64,-4167886.0,-6.42,-303.0,1.24,1.241,910551744.0,1129084163,1129084163,2026-07-22,2026-07-22 15:34:36+08:00
159985,豆粕ETF华夏,2.213,2.1047,-5.15,0.016,0.73,1843230.0,407096586.682,2.213,2.222,2.197,2.197,1.14,12.08,0.69,2.54,903392.0,939839.0,8675259.0,2.13,10844582.0,2.66,-2169323.0,-0.53,-4243746.0,-1.04,-4431513.0,-1.09,8397.0,2.212,2.213,1525924064.0,3376869954,3376869954,2026-07-22,2026-07-22 15:34:45+08:00
560710,船舶ETF富国,0.839,0.8364,-0.31,0.006,0.72,1325423.0,111051114.0,0.832,0.846,0.825,0.833,2.52,6.45,1.53,-18.44,405218.0,920205.0,604491.0,0.54,-5770148.0,-5.2,6374639.0,5.74,-717215.0,-0.65,112724.0,0.1,-8542.0,0.838,0.839,2055580000.0,1724631620,1724631620,2026-07-22,2026-07-22 16:11:41+08:00
515750,科技50ETF富国,2.088,2.0856,-0.12,0.015,0.72,98143.0,20543945.0,2.071,2.118,2.03,2.073,4.25,3.55,1.1,-45.89,45044.0,53099.0,1483888.0,7.22,4467530.0,21.75,-2983642.0,-14.52,-595010.0,-2.9,-888878.0,-4.33,-13.0,2.088,2.09,276140496.0,576581356,576581356,2026-07-22,2026-07-22 16:11:38+08:00
563590,A500红利低波动ETF国寿,0.985,0.987,0.2,0.007,0.72,7091.0,688673.0,0.968,0.985,0.968,0.978,1.74,1.03,1.24,8.5,2736.0,4355.0,156389.0,22.71,0.0,0.0,156389.0,22.71,-88074.0,-12.79,-68315.0,-9.92,1.0,0.982,0.985,68944400.0,67910234,67910234,2026-07-22,2026-07-22 16:11:43+08:00
159042,价值ETF汇添富,0.987,0.9893,0.23,0.007,0.71,76115.0,7460342.581,0.978,0.987,0.971,0.98,1.63,4.28,0.99,1.93,34449.0,41666.0,716992.0,9.61,0.0,0.0,716992.0,9.61,-713991.0,-9.57,-3000.0,-0.04,1.0,0.986,0.987,177801105.0,175489691,175489691,2026-07-22,2026-07-22 15:34:21+08:00
159399,现金流ETF国泰,0.991,0.9905,-0.05,0.007,0.71,2070111.0,204199584.682,0.983,0.992,0.973,0.984,1.93,4.72,1.14,13.3,911989.0,1158122.0,8342761.0,4.09,-14953264.0,-7.32,23296025.0,11.41,-7796732.0,-3.82,-546029.0,-0.27,-1484.0,0.991,0.992,4389194752.0,4349691999,4349691999,2026-07-22,2026-07-22 15:34:06+08:00
159221,现金流ETF嘉实,1.138,1.1368,-0.11,0.008,0.71,134999.0,15260931.9,1.13,1.138,1.121,1.13,1.5,1.12,0.25,82.44,71085.0,63914.0,-593062.0,-3.89,-368703.0,-2.42,-224359.0,-1.47,-903652.0,-5.92,1496714.0,9.81,-106.0,1.138,1.139,1201013232.0,1366753058,1366753058,2026-07-22,2026-07-22 15:34:27+08:00
159798,消费ETF易方达,0.86,0.8558,-0.49,0.006,0.7,181985.0,15459409.8,0.85,0.86,0.841,0.854,2.22,10.57,0.75,18.82,82279.0,99706.0,1240453.0,8.02,2285814.0,14.79,-1045361.0,-6.76,-1232728.0,-7.97,-7725.0,-0.05,1632.0,0.859,0.86,172245390.0,148131035,148131035,2026-07-22,2026-07-22 15:34:45+08:00
512480,半导体ETF国联安,1.152,1.1553,0.29,0.008,0.7,22913899.0,2687883503.0,1.143,1.21,1.138,1.144,6.29,11.95,1.16,-4.54,10977141.0,11936757.0,-40761664.0,-1.52,56698800.0,2.11,-97460464.0,-3.63,94464.0,0.0,40667216.0,1.51,-148764.0,1.151,1.152,19174007296.0,22088456405,22088456405,2026-07-22,2026-07-22 16:11:43+08:00
517120,创新药ETF华泰柏瑞,0.72,0.7198,-0.03,0.005,0.7,754708.0,54582241.0,0.705,0.736,0.705,0.715,4.34,11.28,0.88,35.83,369906.0,384802.0,-3701185.0,-6.78,-3560773.0,-6.52,-140412.0,-0.26,2461870.0,4.51,1239317.0,2.27,-8225.0,0.72,0.721,668966400.0,481655808,481655808,2026-07-22,2026-07-22 16:11:38+08:00
159515,国企红利ETF鹏扬,1.158,1.1598,0.16,0.008,0.7,22656.0,2600031.5,1.152,1.159,1.137,1.15,1.91,5.67,0.69,14.16,9168.0,13488.0,302808.0,11.65,-58344.0,-2.24,361152.0,13.89,-198168.0,-7.62,-104640.0,-4.02,-10.0,1.158,1.159,39986631.0,46304519,46304519,2026-07-22,2026-07-22 15:34:57+08:00
159560,芯片ETF景顺,2.574,2.5687,-0.21,0.018,0.7,225633.0,59093576.4,2.576,2.7,2.542,2.556,6.18,13.09,1.28,62.79,105689.0,119944.0,-3381874.0,-5.72,-4469564.0,-7.56,1087690.0,1.84,3959928.0,6.7,-578054.0,-0.98,-489.0,2.574,2.575,172416460.0,443799968,443799968,2026-07-22,2026-07-22 15:34:36+08:00
516920,芯片ETF汇添富,1.595,1.5965,0.09,0.011,0.69,535770.0,86991882.0,1.595,1.67,1.573,1.584,6.12,11.41,0.99,-13.45,272462.0,263308.0,-894569.0,-1.03,2477157.0,2.85,-3371726.0,-3.88,-5698383.0,-6.55,6592951.0,7.58,-2563.0,1.594,1.595,469463008.0,748793498,748793498,2026-07-22,2026-07-22 16:11:57+08:00
560100,中证500增强ETF南方,1.304,1.2989,-0.39,0.009,0.69,145633.0,19041415.0,1.3,1.317,1.29,1.295,2.08,20.78,0.99,12.65,77760.0,67873.0,-670598.0,-3.52,-165425.0,-0.87,-505173.0,-2.65,606660.0,3.19,63938.0,0.34,-3170.0,1.3,1.304,70080300.0,91384711,91384711,2026-07-22,2026-07-22 16:11:38+08:00
562800,稀有金属ETF嘉实,0.881,0.8812,0.02,0.006,0.69,3581417.0,317339553.0,0.871,0.896,0.867,0.875,3.31,6.33,1.12,6.1,1442061.0,2139356.0,9875938.0,3.11,53277.0,0.02,9822661.0,3.1,5132542.0,1.62,-15008479.0,-4.73,-3796.0,0.88,0.881,5661894912.0,4988129417,4988129417,2026-07-22,2026-07-22 16:11:55+08:00
562320,沪深300价值ETF银华,1.322,1.3254,0.26,0.009,0.69,119669.0,15697015.0,1.312,1.322,1.299,1.313,1.75,18.61,1.56,-0.59,56584.0,63085.0,-31585.0,-0.2,-2497991.0,-15.91,2466406.0,15.71,77757.0,0.5,-46171.0,-0.29,142.0,1.319,1.324,64295500.0,84998651,84998651,2026-07-22,2026-07-22 16:11:32+08:00
560370,红利质量ETF易方达,0.875,0.8758,0.09,0.006,0.69,27376.0,2382059.0,0.869,0.878,0.863,0.869,1.73,2.28,0.72,1.28,9948.0,17428.0,261934.0,11.0,0.0,0.0,261934.0,11.0,-87254.0,-3.66,-174680.0,-7.33,-146.0,0.875,0.876,120084000.0,105073500,105073500,2026-07-22,2026-07-22 16:11:43+08:00
512890,红利低波ETF华泰柏瑞,1.168,1.1706,0.22,0.008,0.69,9641875.0,1115424244.0,1.158,1.168,1.148,1.16,1.72,3.23,0.95,-38.07,4948644.0,4693231.0,25762496.0,2.31,6322752.0,0.57,19439744.0,1.74,-61850721.0,-5.55,36088225.0,3.24,-31867.0,1.168,1.169,29874110720.0,34892961321,34892961321,2026-07-22,2026-07-22 16:11:46+08:00
515460,红利质量ETF南方,0.885,0.8866,0.18,0.006,0.68,216215.0,19066563.0,0.879,0.889,0.874,0.879,1.71,7.35,1.17,2.61,90799.0,125416.0,994009.0,5.21,1322840.0,6.94,-328831.0,-1.72,-854460.0,-4.48,-139550.0,-0.73,-1.0,0.885,0.887,294091008.0,260270542,260270542,2026-07-22,2026-07-22 16:11:50+08:00
159132,恒生生物科技ETF富国,0.893,0.8962,0.36,0.006,0.68,1038325.0,93766273.906,0.881,0.913,0.878,0.887,3.95,69.7,1.22,-8.57,448211.0,590114.0,4478066.0,4.78,962382.0,1.03,3515684.0,3.75,-5962987.0,-6.36,1484920.0,1.58,-909.0,0.893,0.894,148963558.0,133024457,133024457,2026-07-22,2026-07-22 15:34:45+08:00
513700,港股通医药ETF鹏华,0.591,0.5918,0.14,0.004,0.68,3045757.0,181714763.0,0.585,0.603,0.584,0.587,3.24,36.05,0.91,-38.74,1463276.0,1582481.0,-68241.0,-0.04,8289880.0,4.56,-8358121.0,-4.6,-285093.0,-0.16,353333.0,0.19,-1603.0,0.59,0.591,844846000.0,499303986,499303986,2026-07-22,2026-07-22 16:11:43+08:00
563890,国企红利ETF创金合信,1.039,1.0417,0.26,0.007,0.68,7815.0,803412.0,1.023,1.039,1.02,1.032,1.84,3.15,1.38,63.72,5782.0,2033.0,189954.0,23.64,0.0,0.0,189954.0,23.64,-131622.0,-16.38,-58332.0,-7.26,-19.0,1.038,1.039,24836000.0,25804604,25804604,2026-07-22,2026-07-22 16:11:42+08:00
512370,A500增强ETF华夏,1.185,1.1814,-0.3,0.008,0.68,47769.0,5661191.0,1.18,1.191,1.173,1.177,1.53,1.48,1.62,-27.77,24540.0,23229.0,924036.0,16.32,1842711.0,32.55,-918675.0,-16.23,-691073.0,-12.21,-232962.0,-4.12,-357.0,1.183,1.185,323313008.0,383125914,383125914,2026-07-22,2026-07-22 16:11:54+08:00
560680,消费ETF广发,0.742,0.7408,-0.16,0.005,0.68,285327.0,20897075.0,0.729,0.742,0.723,0.737,2.58,8.25,0.82,1.6,145976.0,139351.0,1816011.0,8.69,178208.0,0.85,1637803.0,7.84,-1498745.0,-7.17,-317267.0,-1.52,-1442.0,0.741,0.742,345725600.0,256528395,256528395,2026-07-22,2026-07-22 16:11:48+08:00
159940,金融地产ETF广发,1.202,1.2009,-0.09,0.008,0.67,30760.0,3672838.2,1.186,1.202,1.18,1.194,1.84,0.71,0.49,61.85,13317.0,17443.0,-153949.0,-4.19,115492.0,3.14,-269441.0,-7.34,293965.0,8.0,-140016.0,-3.81,16.0,1.196,1.202,433059984.0,520538101,520538101,2026-07-22,2026-07-22 15:34:12+08:00
520930,恒生生物科技ETF国泰,0.897,0.8999,0.32,0.006,0.67,875548.0,79519774.0,0.891,0.918,0.882,0.891,4.04,52.83,0.93,13.62,357607.0,517941.0,7581567.0,9.53,550109.0,0.69,7031458.0,8.84,-7409731.0,-9.32,-171836.0,-0.22,-217.0,0.897,0.899,165733000.0,148662501,148662501,2026-07-22,2026-07-22 16:11:51+08:00
159527,云计算ETF广发,0.747,0.7454,-0.21,0.005,0.67,680308.0,51168163.1,0.72,0.765,0.72,0.742,6.06,13.82,5.1,-25.16,426505.0,253803.0,-1612638.0,-3.15,-11114878.0,-21.72,9502240.0,18.57,-217274.0,-0.42,1829912.0,3.58,2210.0,0.746,0.747,492301344.0,367749104,367749104,2026-07-22,2026-07-22 15:34:06+08:00
526010,港股通医疗ETF汇添富,0.921,0.9186,-0.26,0.006,0.66,107141.0,9912334.0,0.911,0.934,0.91,0.915,2.62,13.83,0.57,-12.79,51271.0,55870.0,-61829.0,-0.62,0.0,0.0,-61829.0,-0.62,179124.0,1.81,-117294.0,-1.18,-60.0,0.917,0.921,77458000.0,71338818,71338818,2026-07-22,2026-07-22 16:11:39+08:00
159557,恒生医疗ETF嘉实,1.37,1.3751,0.37,0.009,0.66,1516589.0,209327110.3,1.356,1.396,1.355,1.361,3.01,102.55,1.06,-1.47,743138.0,773451.0,-4228508.0,-2.02,-768484.0,-0.37,-3460024.0,-1.65,2919273.0,1.39,1309236.0,0.63,648.0,1.369,1.37,147894955.0,202616088,202616088,2026-07-22,2026-07-22 15:34:33+08:00
560330,沪深300价值ETF申万菱信,1.223,1.2256,0.21,0.008,0.66,4119.0,497753.0,1.205,1.224,1.201,1.215,1.89,2.4,0.45,7.36,1181.0,2938.0,223689.0,44.94,0.0,0.0,223689.0,44.94,-68923.0,-13.85,-154767.0,-31.09,-50.0,1.222,1.223,17130000.0,20949990,20949990,2026-07-22,2026-07-22 16:11:32+08:00
159222,自由现金流ETF易方达,1.229,1.2265,-0.2,0.008,0.66,684508.0,83557844.0,1.209,1.229,1.209,1.221,1.64,4.36,0.68,37.17,381651.0,302857.0,-7091204.0,-8.49,-5471311.0,-6.55,-1619893.0,-1.94,4960758.0,5.94,2130446.0,2.55,1579.0,1.228,1.229,1568370400.0,1927527222,1927527222,2026-07-22,2026-07-22 15:34:39+08:00
563990,800现金流ETF富国,1.224,1.2275,0.29,0.008,0.66,58398.0,7114776.0,1.214,1.227,1.209,1.216,1.48,1.57,0.43,4.05,31127.0,27271.0,138649.0,1.95,-800385.0,-11.25,939034.0,13.2,-792118.0,-11.13,653468.0,9.18,-1643.0,1.223,1.228,371573008.0,454805362,454805362,2026-07-22,2026-07-22 16:11:51+08:00
510680,上证50ETF万家,3.26,3.2853,0.77,0.021,0.65,34632.0,11306596.0,3.239,3.289,3.239,3.239,1.54,16.16,1.64,41.74,9486.0,25146.0,2507562.0,22.18,-264890.0,-2.34,2772452.0,24.52,-2070359.0,-18.31,-437203.0,-3.87,-679.0,3.253,3.26,21424700.0,69844522,69844522,2026-07-22,2026-07-22 16:11:40+08:00
159672,消费ETF博时,0.633,0.6336,0.09,0.004,0.64,67342.0,4213035.1,0.624,0.633,0.619,0.629,2.23,5.11,0.48,-32.48,37563.0,29779.0,732998.0,17.4,27774.0,0.66,705224.0,16.74,-592079.0,-14.05,-140919.0,-3.34,187.0,0.631,0.633,131887409.0,83484730,83484730,2026-07-22,2026-07-22 15:34:33+08:00
159143,港股通央企红利ETF平安,0.955,0.9539,-0.12,0.006,0.63,21574.0,2055033.7,0.944,0.956,0.944,0.949,1.26,3.81,0.89,-47.93,14699.0,6875.0,-240990.0,-11.73,0.0,0.0,-240990.0,-11.73,217974.0,10.61,23016.0,1.12,24.0,0.951,0.955,56554456.0,54009505,54009505,2026-07-22,2026-07-22 15:34:06+08:00
513290,纳指生物科技ETF汇添富,1.599,1.6055,0.4,0.01,0.63,878278.0,140908390.0,1.603,1.613,1.595,1.589,1.13,8.58,0.57,33.52,403445.0,474834.0,4014663.0,2.85,1228834.0,0.87,2785829.0,1.98,-180087.0,-0.13,-3834578.0,-2.72,-6282.0,1.598,1.599,1023072096.0,1635892282,1635892282,2026-07-22,2026-07-22 16:11:46+08:00
159748,创新药ETF富国,0.798,0.7949,-0.39,0.005,0.63,2009667.0,161377443.178,0.785,0.817,0.782,0.793,4.41,11.42,0.71,30.33,973096.0,1036571.0,-11444041.0,-7.09,-2555238.0,-1.58,-8888803.0,-5.51,5802597.0,3.6,5641445.0,3.5,-15531.0,0.798,0.799,1759692128.0,1404234318,1404234318,2026-07-22,2026-07-22 15:34:48+08:00
159666,交通运输ETF华夏,0.954,0.9548,0.08,0.006,0.63,252390.0,23944375.609,0.937,0.954,0.937,0.948,1.79,22.77,1.18,48.49,128744.0,123646.0,739788.0,3.09,-2101967.0,-8.78,2841755.0,11.87,-439949.0,-1.84,-299839.0,-1.25,81.0,0.953,0.954,110832905.0,105734591,105734591,2026-07-22,2026-07-22 15:34:33+08:00
159609,光伏ETF浦银,0.478,0.4779,-0.02,0.003,0.63,128757.0,6164688.6,0.473,0.484,0.472,0.475,2.53,3.99,0.53,20.29,61706.0,67051.0,1065895.0,17.29,921888.0,14.95,144007.0,2.34,-1110136.0,-18.01,44240.0,0.72,-360.0,0.478,0.479,322903408.0,154347829,154347829,2026-07-22,2026-07-22 15:34:15+08:00
560250,红利质量ETF富国,0.961,0.9644,0.35,0.006,0.63,48342.0,4642019.0,0.946,0.965,0.946,0.955,1.99,1.78,0.93,22.01,13282.0,35060.0,386315.0,8.32,-768546.0,-16.56,1154861.0,24.88,-430488.0,-9.27,44173.0,0.95,119.0,0.96,0.961,271333008.0,260751021,260751021,2026-07-22,2026-07-22 16:11:54+08:00
159119,800现金流ETF招商,0.969,0.9686,-0.04,0.006,0.62,107241.0,10330751.6,0.954,0.969,0.954,0.963,1.56,6.58,0.94,-23.54,56597.0,50644.0,-213787.0,-2.07,-544830.0,-5.27,331043.0,3.2,350110.0,3.39,-136323.0,-1.32,-200.0,0.969,0.97,163054229.0,157999548,157999548,2026-07-22,2026-07-22 15:34:51+08:00
159618,光伏ETF华安,0.648,0.6479,-0.02,0.004,0.62,20333.0,1320060.3,0.645,0.657,0.64,0.644,2.64,2.78,0.68,24.01,6450.0,13883.0,58137.0,4.4,214060.0,16.22,-155923.0,-11.81,-40939.0,-3.1,-17197.0,-1.3,-220.0,0.648,0.649,73131407.0,47389152,47389152,2026-07-22,2026-07-22 15:34:03+08:00
515210,钢铁ETF国泰,1.129,1.1274,-0.14,0.007,0.62,704731.0,79212513.0,1.118,1.131,1.114,1.122,1.52,7.51,0.92,-14.25,449536.0,255195.0,-16899649.0,-21.33,-4718571.0,-5.96,-12181078.0,-15.38,-669674.0,-0.85,17569323.0,22.18,-9977.0,1.129,1.13,938226096.0,1059257262,1059257262,2026-07-22,2026-07-22 16:11:43+08:00
159041,农业ETF鹏华,0.989,0.9923,0.33,0.006,0.61,48478.0,4784328.065,0.983,0.993,0.97,0.983,2.34,3.53,0.83,-23.26,29174.0,19304.0,-37516.0,-0.78,-109787.0,-2.29,72271.0,1.51,59512.0,1.24,-21996.0,-0.46,-1375.0,0.989,0.991,137471832.0,135959642,135959642,2026-07-22,2026-07-22 15:34:12+08:00
515790,光伏ETF华泰柏瑞,0.82,0.8201,0.01,0.005,0.61,3120747.0,256582356.0,0.808,0.832,0.805,0.815,3.31,4.7,0.76,12.14,1484408.0,1636338.0,34061156.0,13.27,51049401.0,19.9,-16988245.0,-6.62,-7029873.0,-2.74,-27031283.0,-10.54,-11379.0,0.819,0.82,6637494016.0,5442745093,5442745093,2026-07-22,2026-07-22 16:11:38+08:00
561080,全指现金流ETF华安,1.175,1.1742,-0.07,0.007,0.6,30307.0,3543859.0,1.161,1.175,1.16,1.168,1.28,11.55,0.98,9.54,17984.0,12323.0,-584121.0,-16.48,0.0,0.0,-584121.0,-16.48,467253.0,13.18,116869.0,3.3,219.0,1.172,1.177,26250000.0,30843750,30843750,2026-07-22,2026-07-22 16:11:33+08:00
159635,基建ETF华夏,1.0,0.999,-0.1,0.006,0.6,317007.0,31548635.2,0.99,1.0,0.985,0.994,1.51,23.34,0.92,-65.18,145436.0,171571.0,3154449.0,10.0,899281.0,2.85,2255168.0,7.15,-854427.0,-2.71,-2300023.0,-7.29,159.0,0.999,1.0,135846980.0,135846980,135846980,2026-07-22,2026-07-22 15:34:12+08:00
563770,全指现金流ETF招商,1.172,1.1714,-0.05,0.007,0.6,37224.0,4340374.0,1.154,1.172,1.154,1.165,1.55,12.28,0.74,0.73,17455.0,19769.0,123623.0,2.85,0.0,0.0,123623.0,2.85,-116250.0,-2.68,-7373.0,-0.17,52.0,1.169,1.174,30307000.0,35519804,35519804,2026-07-22,2026-07-22 16:11:42+08:00
562900,农业ETF易方达,0.673,0.6724,-0.09,0.004,0.6,209253.0,13932111.0,0.668,0.674,0.66,0.669,2.09,8.92,0.84,8.8,122626.0,86627.0,1656526.0,11.89,840237.0,6.03,816289.0,5.86,-1418862.0,-10.18,-237663.0,-1.71,-1499.0,0.673,0.674,234706300.0,157957340,157957340,2026-07-22,2026-07-22 16:12:00+08:00
517000,沪港深500ETF银华,1.007,1.014,0.69,0.006,0.6,6816.0,690641.0,1.003,1.015,1.003,1.001,1.2,0.51,0.59,-43.0,4338.0,2478.0,-30033.0,-4.35,0.0,0.0,-30033.0,-4.35,66486.0,9.63,-36453.0,-5.28,-4.0,1.008,1.011,132793000.0,133722551,133722551,2026-07-22,2026-07-22 16:11:59+08:00
159726,港股通高股息ETF华夏,1.339,1.3355,-0.26,0.008,0.6,102154.0,13612977.8,1.328,1.339,1.328,1.331,0.83,3.78,0.74,0.32,45532.0,56622.0,1311038.0,9.63,1583922.0,11.64,-272884.0,-2.0,114052.0,0.84,-1425091.0,-10.47,305.0,1.337,1.339,269911376.0,361411332,361411332,2026-07-22,2026-07-22 15:34:30+08:00
520810,港股通红利ETF易方达,1.008,1.0079,-0.01,0.006,0.6,49805.0,5009385.0,1.003,1.009,1.001,1.002,0.8,1.76,1.42,-1.06,19655.0,30150.0,59670.0,1.19,0.0,0.0,59670.0,1.19,1831.0,0.04,-61500.0,-1.23,2.0,1.008,1.009,282360000.0,284618880,284618880,2026-07-22,2026-07-22 16:11:42+08:00
515710,食品饮料ETF华宝,0.503,0.5029,-0.02,0.003,0.6,524737.0,26120544.0,0.498,0.503,0.492,0.5,2.2,2.16,0.7,-0.68,296128.0,228609.0,493695.0,1.89,1101178.0,4.22,-607483.0,-2.33,-582157.0,-2.23,88462.0,0.34,-6239.0,0.503,0.504,2429599808.0,1222088703,1222088703,2026-07-22,2026-07-22 16:11:37+08:00
159928,消费ETF汇添富,0.673,0.6726,-0.06,0.004,0.6,6637806.0,441969334.2,0.665,0.674,0.658,0.669,2.39,2.85,0.84,-32.15,3340739.0,3297067.0,-40408.0,-0.01,47924223.0,10.84,-47964631.0,-10.85,-2148173.0,-0.49,2188582.0,0.5,28485.0,0.672,0.673,23250629120.0,15647673398,15647673398,2026-07-22,2026-07-22 15:34:33+08:00
